LEADER 00857nam a2200253 a 4500
001 002000001-4
005 20020606093309.7
008 880822s1985    unr      b    000 0 ruso 
010   $a   86231326 
020   $c0.45rub
035 0 $aocm18463285
040   $aDLC$cDLC$dHLS
043   $ae-ur-un
050 0 $aJN6639.A8$bK665 1985
245 00$aInformat︠s︡ii︠a︡ v rabote partiĭnykh komitetov /$c[sostavitelʹ Stepan Ivanovich I︠A︡lovega].
260   $aKiev :$bIzd-vo polit. lit-ry Ukrainy,$c1985.
300   $a206 p. ;$c20 cm.
504   $aIncludes bibliographical references.
610 20$aKomunistychna partii︠a︡ Ukraïny$xInformation services.
650  0$aParty committees$zUkraine$xInformation services.
650  0$aInformation services$zUkraine.
700 1 $aI︠A︡lovega, Stepan Ivanovich.
988   $a20020608
906   $0DLC

