LEADER 00418nam a22001335u 4500
001 002000002-2
005 20020606093309.7
008 900925|1944    mx           |||||||spa|d
110 1 $aCampeche (Mexico : State)
245 10$aLey del notariado del estado de Campeche.
260 0 $a[Campeche]$bDepartamento de prensa y publicidad,$c1944.
500   $aAt head of title: Gobierno constitucional del estado.
988   $a20020608
906   $0MH

