LEADER 00647nam a2200229M  4500
001 002000003-0
005 20051201172535.0
008 890331s1902    xx       d    000 0 ota  
010   $a   73960310 
035 0 $aocm23499219
040   $aDLC$cEYM
041 0 $aotaara
050 0 $aPJ6636.T8$bU5 1973 (Orien Arab)
100 1 $aUnsī, Muḥammad ʻAlī ibn Ḥasan.
245 10$aQāmūs al-lughah al-ʻUthmānīyah.
246 3 $aDarārī al-lāmiʻāt fī muntakhabāt al-lughāt.
260   $c[1902 1973]
300   $a564 p.$c22 cm.
500   $aRomanized.
650  0$aTurkish language$vDictionaries$xArabic.
988   $a20020608
906   $0DLC

