LEADER 00878nam a2200253 a 4500
001 002000004-9
005 20020606093309.7
008 880404s1980    yu fa         000 0 srpo 
010   $a   82167322 
035 0 $aocm17880048
040   $aDLC$cDLC$dHLS
043   $ae-yu---
050 0 $aL53.P783$bT75 1980
245 00$aTrideset pet godina Prosvetnog pregleda, 1945-1980 /$c[glavni i odgovorni urednik i urednik publikacije Ružica Petrović].
246 3 $a35 godina Prosvetnog pregleda, 1945-1980.
260   $aBeograd :$bNovinska organizacija Prosvetni pregled,$c1980.
300   $a146 p., [21] p. of plates :$bill. ;$c29 cm.
500   $aIn Serbo-Croatian (Cyrillic)
610 20$aProsvetni pregled$xHistory.
650  0$aEducation$zYugoslavia$xHistory$y20th century.
700 1 $aPetrović, Ružica.
710 2 $aProsvetni pregled.
988   $a20020608
906   $0DLC

