LEADER 00449nam a22001455u 4500
001 002000005-7
005 20020606093309.7
008 900925|1981    pl           |||||||pol|d
245 10$aZ zagadnień dialektyki i świadomości społecznej /$cpod red. K. Ślęczka.
260 0 $aKatowice :$bUŚ,$c1981.
300   $a135 p.
440  0$aPrace naukowe Uniwersytetu Śląskiego w Katowicach ;$vnr 462
700 1 $aŚlęczka, Kazimierz.
988   $a20020608
906   $0MH

