LEADER 00331nam a22001455u 4500
001 002000006-5
005 20020606093309.7
008 900925|1980    pl           |||||||pol|d
100 1 $aMencwel, Andrzej.
245 10$aWidziane z dołu.
250   $aWyd. 1.
260 0 $aWarszawa :$bPIW,$c1980.
300   $a166 p.
988   $a20020608
906   $0MH

