LEADER 00746cam a2200241 a 4500
001 002000007-3
005 00000000000000.0
008 900123s1990    enk      b    001 0 eng  
010   $a   90031350 
020   $a0391036823
035 0 $aocm21081069
040   $aDLC$cDLC$dHBS
050 00$aHF5439.8$b.O35 1990
082 00$a658.8/5$220
100 1 $aOakes, Guy.
245 14$aThe soul of the salesman :$bthe moral ethos of personal sales /$cGuy Oakes.
260   $aAtlantic Highlands, N.J. :$bHumanities Press International,$c1990.
300   $aix, 113 p. ;$c24 cm.
504   $aIncludes bibliographical references.
650  0$aSales personnel$xTraining of.
650  0$aSelling$xMoral and ethical aspects.
988   $a20020608
906   $0DLC

