LEADER 00779nam a22002177a 4500
001 002000008-1
005 20020606093309.7
008 870923s1985    rur           000 0 rus  
010   $a   87870767 
020   $c0.80rub
035 0 $aocm17182706
040   $aDLC$cDLC$dHLS
090   $ax
245 00$aPʹesy /$cAfanasiĭ Salynskiĭ ... [et al. ; sostavitelʹ Sergeĭ Ivanovich Vali︠a︡ev].
260   $aMoskva :$b"Sovremennik",$c1985.
300   $a286 p. ;$c18 cm.
440  0$aNovinki "Sovremennika"
505 0 $aMolva / Afanasiĭ Salynskiĭ -- Peshiĭ Makhmut / Mustaĭ Karim -- Prosti meni︠a︡ / Viktor Astafʹev -- Babut︠s︡a, Gagut︠s︡a, Danel i Dardanel / Georgiĭ Khugaev.
700 12$aSalynskiĭ, Afanasiĭ.$tMolva.$f1985.
988   $a20020608
906   $0DLC

