LEADER 01019nam a22002898a 4500
001 002000009-X
005 20020606093309.7
008 900718s1990    nyu      b    00100 eng  
010   $a   90043132 
020   $a0889462194
020   $a088946085X
035 0 $aocm22210377
040   $aDLC$cDLC$dBHA
050 00$aBS1184$b.B53 1990
245 04$aThe Bible in the light of cuneiform literature /$cedited by William W. Hallo, Bruce William Jones, Gerald L. Mattingly.
260 0 $aLewiston :$bE. Mellen Press,$cc1990.
300   $axii, 486 p. ;$c24 cm.
440  0$aAncient Near Eastern texts and studies ;$vv. 8
440  0$aScripture in context ;$v3
504   $aIncludes bibliographical references (p. 448-457) and indexes.
630 00$aBible.$pOld Testament$xCriticism, interpretation, etc.
650  0$aAssyro-Babylonian literature$xRelation to the Old Testament.
700 1 $aHallo, William W.
700 1 $aJones, Bruce William.
700 1 $aMattingly, Gerald L.
988   $a20020608
906   $0DLC

