LEADER 00451nam a22001455u 4500
001 002000010-3
005 20020606093309.7
008 900925|1979    pl           |||||||pol|d
245 10$a500-lecie Grzegorza z Sanoka :$bmateriały z sesji popularnonaukowej w Lublinie 28-29 I 1977 r. /$cred. A. Krawczyk, A. Nowicki.
260 0 $aLublin :$bUMCS,$c1979.
300   $a173 p.
700 1 $aKrawczyk, Antoni.
700 1 $aNowicki, Andrzej.
988   $a20020608
906   $0MH

