LEADER 01354cam a2200361Ia 4500
001 002000011-1
005 20020606093309.7
008 811008s1640    gw a          00010 spa d
035 0 $aocn786425376
035 0 $aocm07829944
040   $aRRR$cRRR$dm/c$dHHG
043   $ae-gw---
090   $aPQ6431$b.S12i
100 2 $aSaavedra Fajardo, Diego de,$d1584-1648.
240 10$aIdea de un príncipe político-cristiano
245 10$aIdea de un principe politico christiano :$brepresentada en cien empresas /$cpor Don Diego Saavedra Fajárdo ...
246 3 $aEmpresas politicas.
260 0 $aEn Monaco [i.e. Munich] :$bEn la emprenta de Nicolao Enrico,$ca.1. de Marzo 1640.
300   $a[16], 711 [i.e. 712] p. :$bill. ;$c24 cm. (4to)
500   $aSignatures: )(⁴, [sec.]⁴, A-Z⁴, a-vvv⁴.
500   $aIllustrated t.p. and ill. engraved by Johann Sadeler the younger.
500   $aRunning title: Empresas politicas.
510 4 $aPalau y Dulcet (2nd ed.)$c283441
510 4 $aLandwehr, J. German emblem books,$c515
650  0$aPolitical science$vEarly works to 1800.
650  0$aEducation of princes.
650  0$aKings and rulers$xDuties.
650  0$aEmblems$zGermany.
690  9$aPolitical science.$5law
700 1 $aSadeler, Johann,$d-1665,$eill.
752   $aGermany$dMunich.
988   $a20020608
906   $0OCLC

