LEADER 00423nam a22001335u 4500
001 002000012-X
005 20020606093309.7
008 900925|1950    mx           |||||||spa|d
110 1 $aCampeche (Mexico : State)
245 10$aLey del catastro del estado y su reglamento.
260 0 $aCampeche, Camp., México:$b[Talleres gráficos del Gob. del Edo.]$c1950.
500   $aAt head of title: Gobierno del estado.
988   $a20020608
906   $0MH

