LEADER 00822cam a2200205Ia 4500
001 002000013-8
005 20020606093309.7
008 870727s1984    mvra          000 0 ruso 
010   $a   87869976 
035 0 $aocm17169111
040   $aDLC$cDLC$dIUL$dHLS
050 14$aPG3479.5.H475$bD35 1984
100 1 $aChirkov, V. A.$q(Vadim Alekseevich)
245 10$aDaĭ ogli︠a︡nusʹ, ili, Puteshestvii︠a︡ v sapogakh-tikhokhodakh :$bpovesti /$cVadim Chirkov.
246 3 $aPuteshestvii︠a︡ v sapogakh-tikhokhodakh.
260   $aKishinev :$bLit-ra artistikė,$c1984.
300   $a184 p. :$bill. ;$c20 cm.
776 08$iOnline version:$aChirkov, V.A. (Vadim Alekseevich).$tDaĭ ogli͡anusʹ, ili, Puteshestvii͡a v sapogakh-tikhokhodakh.$dKishinev : Lit-ra artistikė, 1984$w(OCoLC)620137125
988   $a20020608
906   $0DLC

