LEADER 00364nac a22001455  4500
001 002000014-6
005 20070501090948.0
008 880630s1834    |||||||      |||||||eng d
035 0 $aocn236080657
100 1 $aBirney, James Gillespie,$d1792-1857.
245 10$aLetter on colonization.
260 0 $aNew York,$c1834.
300   $a3 pieces in 1 v.
988   $a20020608
906   $0MH

