LEADER 00739nam a22002177a 4500
001 002000015-4
005 20020606093309.7
008 900925s1926    rura   j     |00||||rus|d
035 0 $aocm22642158
040   $aHHG$cHHG
100 1 $aOrbeli, R. R.
245 10$aVeselai︠a︡ arifmetika :$bslozhenie i vychitanie /$cRusudana Orbeli ; ris. A. Rostovt︠s︡ova.
260 0 $aLeningrad ;$aMoskva :$bRaduga,$c[1926]
300   $a[10] p. :$bcol. ill. ;$c19 cm.
500   $aCover title.
653 0 $aIllustrated books, Children's$aSoviet Union$a20th century.
655  7$aJuvenile literature$zSoviet Union$y20th century$2rbgenr
700 1 $aRostovt︠s︡ov, A.,$eill.
752   $aRussia$dSaint Petersburg.
988   $a20020608
906   $0MH

