LEADER 00647nam a22002057a 4500
001 002000016-2
005 20020606093309.7
008 900925s1990    cs            000|0 cze d
020   $a8020300546
035 0 $aocm22476811
100 1 $aPavlíček, František.
245 10$aŽivot a dílo skladatele Foltýna aneb Posedlost :$bdramatická symfonie /$cKarel Čapek, František Pavlíček.
250   $a1. vyd.
260 0 $aPraha :$bDilia 2N,$c1990.
300   $a103 p.
440  0$aMinus 21.$pŘada celovečerních her ;$vsv. 2
700 1 $aČapek, Karel,$d1890-1938.
700 1 $aPavlíček, František.$tPosedlost.
988   $a20020608
906   $0MH

