LEADER 00638cam a2200181 i 4500
001 002000017-0
005 20020606093309.7
008 800523s1955    iq            00011 ara d
035 1 $aNYCG16016971B
040   $aNNC$cNNC
100 10$aal-Imām, Aḥmad Mahdī.
245 10$aMadrasat al-khiyānah :$bmajmūʻat qiṣaṣ waqiʻīyah /$cMuḥammad Muhdī al-Imām.
250   $aal-Ṭabʻah 1.
260 0 $aBaghdād :$b[s.n.],$c1955.
300   $a96 p. ;$c19 cm.
505 0 $aḤijārat al-shaṭranj.--Ghafwah.--al-Afyūn.--Ḥadatha dhāt laylah.--Aʻẓam ab.--al-Muwāṭin al-jadīd.--ʻAwdat al-thāʾir.
988   $a20020608
906   $0RLIN

