LEADER 00951cam a2200277 a 4500
001 002000019-7
005 20020606093309.7
008 881221s1982    pl       b    00110bpol  
010   $a   82243634 
020   $a830800749X
035 0 $aocm18183853
035 1 $aDCLC82243634B
043   $ae-pl---
050 0 $aPN2859.P66$bC5378 1982
100 10$aŻywot, Władysław Jacek.
245 10$aW łasce i niełasce Melpomeny :$bportret Tomasza Andrzeja Chełchowskiego--aktora, pedagoga, dyrektora teatru, 1806-1861 /$cWładysław Jacek Żywot.
250   $aWyd. 1.
260 0 $aKraków :$bWydawn. Literackie,$c1982.
300   $a225 p. ;$c20 cm.
500   $aErrata slip inserted.
504   $aIncludes bibliographical references and indexes.
600 10$aChełchowski, Tomasz Andrzej,$d1806-1861.
650  0$aActors$zPoland$vBiography.
650  0$aTheatrical producers and directors$zPoland$vBiography.
988   $a20020608
906   $0RLIN

