LEADER 00909nam a2200265 a 4500
001 002000020-0
005 20020606093309.7
008 870706s1985    unra     b    000 0 ukro 
010   $a   86218941 
020   $c0.65rub
035 0 $aocm16351854
040   $aDLC$cDLC$dHLS
050 0 $aPN81$b.B865 1985
100 1 $aBurli͡aĭ, I͡U. S.
245 10$aOsnovy literaturno-khudoz︠h︡nʹoï krytyky /$cI︠U︡.S. Burli︠a︡ĭ.
246 3 $aOsnovy literaturno-khudozhestvennoĭ kritiki.
260   $aKyïv :$bGol. vyd-vo vydavnychogo obʹi︠e︡dnanni︠a︡ "Vyshcha shkola",$c1985.
300   $a245, [3] p. :$bill. ;$c21 cm.
500   $aTitle in colophon: Osnovy literaturno-khudozhestvennoĭ kritiki.
500   $aAuthorized for instructional purposes.
504   $aBibliography: p. 244-[246]
650  0$aCriticism.
650  0$aCommunism and literature.
988   $a20020608
906   $0DLC

