LEADER 01730cam a2200361 a 4500
001 002000021-9
005 20020606093309.7
008 930914s1987    ua fh    b    00110 ara d
020   $a2724700473
035 0 $aocm17609738
035 1 $aMAHN93B826
040   $aPPDrop$cPPDrop$dCU$dCStRLIN$dNjP$dMH
041 0 $aarafre
090   $aCD79.E3$bI36 1987x
100 2 $aIbn Nāẓir al-Jaysh, ʻAbd al-Raḥmān,$d1325 or 1326-1384.
240 10$aTathqīf al-taʻrīf bi-al-muṣṭalaḥ al-sharīf
245 10$aKitāb tathqīf al-taʻrīf bi-al-muṣṭalaḥ al-sharīf /$ctaʼlīf Taqī al-Dīn ʻAbd al-Raḥmān ibn Muḥibb al-Dīn Muḥammad al-Tamīmī al-Ḥalabī al-shahīr bi-Ibn Nāẓir al-Jaysh ; taḥqīq Rūdulf Vasalī.
260   $a[Cairo] :$bal-Maʻhad al-ʻIlmī al-Faransī lil-Āthār al-Sharqīyah bi-al-Qāhirah,$c1987.
300   $a249, xxv p., [8] p. of plates :$bfacsims. ;$c28 cm.
440  0$aTextes arabes et études islamiques ;$vt. 27
500   $aTitle on added t.p.: Kitāb taṯqīf al-taʻrif biʼl-muṣṭalaḥ al-šarīf.
500   $aIn Arabic; introduction in French.
504   $aIncludes bibliographical references (p. [244]-249) and indexes.
650  0$aDocument writing, Arabic$zEgypt$xEarly works to 1800.
650  0$aScribes$zEgypt$xEarly works to 1800.
650  0$aWritten communication$zEgypt$xEarly works to 1800.
650  0$aPublic records$zEgypt$xEarly works to 1800.
651  0$aEgypt$xOfficials and employees$xEarly works to 1800.
700 1 $aVeselý, Rudolf.
740 0 $aKitāb taṯqīf al-taʻrīf biʼl-muṣṭalaḥ al-šarīf.
740 0 $aTathqīf al-taʻrīf bi-al-muṣṭalaḥ al-sharīf.
988   $a20020608
906   $0RLIN

