LEADER 00347nam a22001335u 4500
001 002000022-7
005 20020606093309.7
008 900925|1909    mx           |||||||spa|d
110 1 $aCampeche (Mexico : State)
245 10$aLey del notariado para el estado de Campeche.
250   $aEdición oficial.
260 0 $aCampeche,$c1909.
988   $a20020608
906   $0MH

