LEADER 00575nam a22002057a 4500
001 002000023-5
005 20020606093309.7
008 900925s1990    cs            000|||cze|d
020   $a8020300589$z8010300694
035 0 $aocm22476535
100 1 $aSidon, Karol,$d1942-
245 10$aShapira /$cKarol Sidon.
250   $a1.vyd.
260 0 $aPraha :$bDilia,$c1990.
300   $a64 p.
440  0$aMinus 21.$pŘada celovečerních her ;$vsv.8 [bis]
504   $aIncludes bibliographical references.
500   $a"Napsáno 1976, vytištěno 1990".
988   $a20020608
906   $0MH

