LEADER 00865nam a2200217Ii 4500
001 002000024-3
005 20020606093309.7
008 800623s1979    rur           000 0 rus d
035 0 $aocm06449578
040   $aGZM$cGZM$dm.c.$dHLS
050 14$aJN6598.S6$bL554
090   $ax
245 00$aListovki bolʹshevikov Kubani i Chernomorʹi︠a︡ (1903-1920 gg.) /$c[sostaviteli N. S. Vertysheva ... et al.].
260   $aKrasnodar :$bKrasnodarskoe knizhnoe izd-vo,$c1979.
300   $a157 p. ;$c20 cm.
610 20$aKommunisticheskai︠a︡ partii︠a︡ Sovetskogo Soi︠u︡za$xParty work.
700 1 $aVertysheva, N. S.$q(Nina Sergeevna)
700 1 $aVertysheva, N. S.
776 08$iOnline version:$tListovki bolʹshevikov Kubani i Chernomorʹi͡a (1903-1920 gg.).$dKrasnodar : Krasnodarskoe knizhnoe izd-vo, 1979$w(OCoLC)560626968
988   $a20020608
906   $0OCLC

