LEADER 00604cam a2200205ua 4500
001 002000025-1
005 20020606093309.7
008 880127s1982    pl            000|0 pol  
020   $a8320533821
035 0 $aocm21802997
035 1 $aCUBGGLAD67255
100 10$aBystrzycka, Maria.
245 10$aŚladami hiszpańskiego figara /$cMaria Bystrzycka.
250   $aWyd. 1-e.
260 0 $aWarszawa :$bLudowa Spółdzielnia Wydawnicza,$c1982.
300   $a127 p. :$bill. ;$c20 cm.
504   $aIncludes bibliographical references.
650  0$aSainetes$xHistory and criticism.
988   $a20020608
906   $0RLIN

