LEADER 01067cam a2200289 a 4500
001 002000026-X
005 20030114115239.0
008 830907m19809999ua       b   f00100 arar 
010   $a   81960398 /NE/r842
020   $a9770300063 :$cŁE0.90 (v. 7, pt. 22)
020   $a9770300136 (v. 10)
035 0 $aocm10020550
040   $aDLC$cDLC$dm/c$dHLS
043   $af-ua---
245 03$aal-Fatāwá al-Islāmīyah min Dār al-Iftāʾ al-Miṣrīyah /$cMuḥammad ʻAbduh ... [et al.].
260 0 $aal-Qāhirah :$bJumhūrīyat Miṣr al-ʻArabīyah, Wizārat al- Awqāf, al-Majlis al-Aʻlá lil-Shuʾūn al-Islāmīyah,$c1980-
300   $av. ;$c24 cm.
500   $aVols. 10, 12-14, 17, and 19: al-Ṭabʻah 2.
504   $aIncludes bibliographical references and indexes.
650  0$aFatwas.
650  0$aIslamic law$zEgypt$xSources.
700 0 $aMuḥammad ʻAbduh,$d1849-1905.
710 2 $aDār al-Iftāʾ al-Miṣrīyah.
710 1 $aEgypt.$bMajlis al-Aʻlá lil-Shuʾūn al-Islāmīyah.
752   $aEgypt$dCairo.
988   $a20020608
906   $0DLC

