LEADER 05496nam a2200469 a 4500
001 002000027-8
005 20020606093309.7
008 891104s1989    nyu      b    00100 eng  
010   $a   88070429 
020   $a0312008465
035 0 $aocm19504638
040   $aDLC$cDLC$dHMG
043   $an-us---
050 0 $aPE1127.H5$bR4 1989
082 0 $a808/.0427$220
245 00$aRereading America :$bcultural contexts for critical thinking and writing /$cedited by Gary Colombo, Robert Cullen, Bonnie Lisle.
260 0 $aNew York :$bSt. Martin's Press,$cc1989.
300   $axxix, 668 p. ;$c23 cm.
500   $a"A Bedford book."
504   $aIncludes bibliographies and index.
505 0 $aAmerican dreams: Land of freedom and opportunity
505 0 $aAmerican dreams: Land of freedom and opportunity. The declaration of independence / Thomas Jefferson; What is an American? / J. Hector St. Jean De Crèvecoeur; Let America be America again / Langston Hughes -- The frontier. The significance of the frontier in American history / Frederick Jackson Turner; Cowboy / Jane Kramer; Dear John Wayne / Louise Erdrich -- Individualism and success. The paradox of individualism / Robert Bellah et al.; Charlie Sabatier / John Langston Gwaltney; The gospel of wealth / Andrew Carnegie; Stephen Cruz / Studs Terkel.
505 0 $aJustice for all: The problem of equality: Theories of prejudice. Formation of in-groups / Gordon W. Allport; Split at the root: An essay on Jewish identity / Adrienne Rich; The psychology of racism / Peter Loewenberg; From Invisible man / Ralph Ellison; Uprooting racism and racists in the United States / James Boggs; C.P. Ellis / Studs Terkel -- Confronting racism. Los vendidos / Luis M. Valdez; Three thousand dollar death song / Wendy Rose; Lynching at the curve / Ida B. Wells; Mary Tsukamoto / John Tateishi; We, the dangerous / Janice Mirikitani.
505 0 $aOne nation or many? Immigration and assimilation: The immigrant experience. The huddled masses / Alistair Cooke; America and I / Anzia Yezierska; Ellis Island / Joseph Bruchac; Puerto Rico's reply / Dadi Piñero -- Ethnic identity and majority culture. Assimilation in America / Milton Gordon; Letter to my mother / Tran Thi Nga; Back to Bachimba / Enrique "Hank" López; From The woman warrior / Maxine Hong Kingston; Para Teresa / Inés Hernández; What we want / Kwame Toure (Stokely Carmichael).
505 0 $aWomen: The emerging majority: Gender roles: Tradition and chance. Some individual costs of gender role conformity / Janet Saltzman Chafetz; Nora Quealey / Jean Reith Schroedel; Where I come from is like this / Paula Gunn Allen; Images of relationships / Carol Gilligan; Men / Lorenza Calvillo Craig; The ideal of equality / Marilyn French -- Racism, sexism, and heterosexism. Racism and feminism / Bell Hooks; From I know why the caged bird sings / Maya Angelou; What price independence? Social reactions to lesbians, spinsters, widows, and nuns / Rose Weitz; The two / Gloria Naylor.
505 0 $aThe changing family: Reassessing family life. Influence of democracy on the family / Alexis de Tocqueville; The paradox of perfection / Arlene Skolnick; From Half the way home: A memoir of father and son / Adam Hochschild; From The hurried child / David Elkind; The kid's guide to divorce / Lorrie Moore -- Alternative family structures. Black family life / Joseph L. White; The beginning / Shirley Ann Grau; Friends as family / Karen Lindsey; The gay family / Richard Goldstein.
505 0 $aGrading American education: The hidden curriculum. What high school is / Theodore Sizer; Life in school / Matt Groening; Golden rule days: American schoolrooms / Jules Henry; Keeping track / Jeannie Oakes -- Challenging the traditional classroom. The achievement of desire / Richard Rodriguez; Learning to read / Malcolm X; Women students in the classroom / Frances Maher; Rumors of inferiority / Jeff Howard and Ray Hammond.
505 0 $aMaking a living: How work shapes the worker: The meaning of work. Short-order cook / Jim Daniels; Waitresses / Ranice Henderson Crosby; Mike LeFevre / Studs Terkel; Work in an alienated society / Erich Fromm; The original meaning of the work ethic / Christopher Lasch; Willie / Douglas Harper -- Occupation and social status. Gender, status, and feeling / Arlie Russell Hochschild; From The hidden injuries of class / Richard Sennett and Jonathan Cobb; Jane Ellen Wilson / Jake Ryan and Charles Sackrey.
505 0 $aTelevision and the consumption of images: The power of television. What's left after violence and advertising / Maurine Doerken; Artificial unusualness/ Jerry Mander; Television man / David Byrne; Homesick in Los Angeles / Laurence Goldstein -- Consumerism and TV culture. The Cosby show / Mark Crispin Miller; The problem with post-racism / Martha Bayles; Advertising as art / Michael Schudson; The presence of the word in TV advertising / Jay Rosen; The look of the sound / Pat Aufderheide.
650  0$aReaders$zUnited States.
650  0$aCollege readers.
651  0$aUnited States$xCivilization$vProblems, exercises, etc.
650  0$aEnglish language$xRhetoric$vProblems, exercises, etc.
650  0$aCritical thinking$vProblems, exercises, etc.
650  0$aReport writing$vProblems, exercises, etc.
655  7$aProblems, exercises, etc.$2fast
650  0$aReaders.
700 1 $aColombo, Gary.
700 1 $aCullen, Robert.
700 1 $aLisle, Bonnie.
988   $a20020608
906   $0DLC

