LEADER 00548nam a22001697u 4500
001 002000028-6
005 20020606093309.7
008 900925s1926    cs           |||||||cze|d
035 0 $aocn234340921
100 1 $aFischer, J. L.$q(Josef Ludvik),$d1894-
245 10$aGlossy k české otázce /$cJ.L. Fischer.
260 0 $aVe Kdyni : Nákl. Okresního sboru osvětového,$c1926.
300   $a56 p. ;$c20 cm.
490 0 $aKnihovna Okresního sboru osvětového ve Kdyni ;$vsv. 7
651  0$aCzechoslovakia$xHistory$xPhilosophy.
988   $a20020608
906   $0MH

