LEADER 00436nam a22001455u 4500
001 002000029-4
005 20020606093309.7
008 900925|1980    pl           |||||||pol|d
100 1 $aKaniuka, Władysław.
245 10$aAnaliza idiomatyczności je̦zyka niemieckiego i polskiego w aspekcie konfrontatywnym.
260 0 $aŁódź :$bUniw. Łódzki,$c1980.
300   $a162 p.
440  0$aActa Universitatis Lodziensis
988   $a20020608
906   $0MH

