LEADER 00566nam a2200181 a 4500
001 002000030-8
005 20020606093309.7
008 900925m18911892le            000|0 ara d
035 0 $aocm47928073
050  4$aBP167.5$b.A242 1891x
100 1 $aIbn al-Asīr, Yūsuf ibn ʻAbd al-Qādir,$d1816 or 1817-1889 or 1890.
245 10$aSharḥ Rāʼiḍ al-farāʼiḍ /$cYūsuf al-Asīr.
260   $aBayrūt :$b[s.n.],$c1891-1892.
300   $a287 p. ;$c20 cm.
650  0$aInheritance and succession (Islamic law)
752   $aLebanon$dBeirut.
988   $a20020608
906   $0MH

