LEADER 00923pam a2200301 a 4500
001 002000031-6
005 20020606093309.7
008 900207s1990    nju      b    001 0 eng  
010   $a   90032366 
015   $aGB90-30315
020   $a0391036874
035 0 $aocm21152656
040   $aDLC$cDLC$dUKM$dHLS
050 00$aPN1995$b.W8 1990
082 00$a791.43/01$220
100 1 $aWurzer, Wilhelm S.
245 10$aFilming and judgment :$bbetween Heidegger and Adorno /$cWilhelm S. Wurzer.
260   $aAtlantic Highlands, N.J. :$bHumanities Press International,$c1990.
300   $axviii, 149 p. ;$c24 cm.
440  0$aPhilosophy and literary theory
504   $aIncludes bibliographical references (p. 138-144) and index.
650  0$aMotion pictures$xPhilosophy.
650  0$aPostmodernism.
650  0$aDeconstruction.
650  0$aCriticism.
653   $aPostmodernism
988   $a20020608
906   $0DLC

