LEADER 00507nam a2200181Ka 4500
001 002000032-4
005 20020606093309.7
008 860425s1985    rur           000 0 rusod
035 0 $aocm13493626
040   $aGZM$cGZM$dHLS
041 1 $arus$hlav
090   $aPG9049.29.P3$bD55 1985
100 1 $aSpāre, Velta.
245 10$aDialog :$broman /$cVelta Spare ; perevod s latyshkogo Violy Rugaĭs.
260   $aMoskva :$bSov. pisatelʹ,$c1985.
300   $a245 p. :$bport. ;$c20 cm.
988   $a20020608
906   $0OCLC

