LEADER 00789cas a2200265 a 4500
001 002000033-2
005 20020606093309.7
008 820602c19799999it  x         0   b0ita d
010   $asn 87012381 
035 0 $aocm08483534
040   $aNGA$cNGA$dNST$dHUL
042   $alcd
043   $ae-it---
090   $aN1$b.R624
245 00$aRicerche sul Sei-Settecento in Puglia.
260   $a[Fasano, Italy] :$bSchena,$c[1980-
300   $av. :$bill. ;$c24 cm.
310   $aIrregular
362 0 $a1 (1978-1979)-
500   $aAt head of title : Università degli studi di Bari.
650  0$aArt, Italian$zItaly$zPuglia$y17th century$vPeriodicals.
650  0$aArt, Italian$zItaly$zPuglia$y18th century$vPeriodicals.
710 2 $aUniversità di Bari.
988   $a20020608
906   $0OCLC

