LEADER 00698nam a22002297a 4500
001 002000034-0
005 20020606093309.7
008 870921s1985    rur           000 0 rus  
010   $a   87869807 
020   $c0.70rub
035 0 $aocm14062073
035 0 $aocm17190695
040   $aDLC$cDLC$dHLS
050  4$aPG3485.A73$bP67 1985
090   $ax
100 1 $aParpara, Anatoliĭ.
245 10$aPostupok :$bstikhotvorenii︠a︡ i poėma /$cAnatoliĭ Parpara.
260   $aMoskva :$bSov. pisatelʹ,$c1985.
300   $a175 p. :$bport. ;$c17 cm.
776 08$iOnline version:$aParpara, Anatoliĭ.$tPostupok.$dMoskva : Sovetskiĭ pisatelʹ, 1985$w(OCoLC)622615545
988   $a20020608
906   $0DLC

