LEADER 00587nam a22002057a 4500
001 002000035-9
005 20020606093309.7
008 900925s1990    cs            00||||cze|d
020   $a8020300597
035 0 $aocm22476589
100 1 $aSidon, Karol,$d1942-
245 10$aLabyrint :$bcirkus podle Komenského /$cKarol Sidon.
250   $aVyd.1.
260 0 $aPraha :$bDilia,$c1990.
300   $a59 p.
440  0$aMinus 21.$pŘada celovečerních her ;$vsv. 8
504   $aIncludes bibliographical references.
500   $a"Napsáno 1976, vytištěno 1990".
988   $a20020608
906   $0MH

