LEADER 02601njm a2200529 a 4500
001 002000036-7
005 20020606093309.7
008 940309p19901983enkmu            |  eng d
024 0 $a001975011927
028 02$aCD GAU 119$bASV/Gaudeamus
028 02$a119$bASV
033   $b5754$cW74
035 0 $aocm23894986
035 0 $aocm82616042
035 1 $aMAHS94R254
035 1 $zNJRG90R979
040   $aNjR$cNjR$dMH-Mu
043   $ae-uk-en
110 2 $aWinchester Cathedral.$bChoir.$4prf
245 10$aEnglish cathedral music$h[sound recording].
246 3 $aGolden age of English cathedral music.
260   $aLondon :$bAcademy Sound and Vision,$c1990, p1983.
300   $a1 sound disc ;$bdigital, stereo. ;$c4 3/4 in.
500   $aPrincipally anthems and motets for chorus, with or without accompaniment.
500   $aSung in English and Latin.
500   $aTitle on container: The golden age of English cathedral music.
500   $aProgram notes and libretto ([5] p.) in container.
505 0 $aLaudibus in sanctis / William Byrd (5:21) -- Salvator mundi / Thomas Tallis (2:57) -- See, see, the word is incarnate / Orlando Gibbons (6:43) -- Magnificat and Nunc dimittis / Thomas Weelkes (10:05) -- Hosanna to the Son of David / Thomas Weelkes (2:00) -- This is the record of John / Orlando Gibbons (4:40) -- O Lord, arise / Thomas Weelkes (3:43) -- Out of the deep / Thomas Morley (4:28) -- Fantasia no. 4 in three parts / Orlando Gibbons (2:31) -- Dum transisset Sabbatum / John Taverner (8:00).
511 0 $aWinchester Cathedral Choir ; Viols of the Consort of Musicke ; James Lancelot, organ ; Martin Neary, director.
518   $aRecorded at Winchester Cathedral.
650  0$aChoruses, Sacred (Mixed voices) with organ.
650  0$aChoruses, Sacred (Mixed voices), Unaccompanied.
650  0$aAnthems.
650  0$aMotets.
650  0$aString trios (Viols (3))
650  0$aMusic$zEngland.
700 1 $aLancelot, James.$4prf
700 1 $aNeary, Martin.$4cnd
700 12$aByrd, William,$d1539 or 1540-1623.$tCantiones sacrae,$nliber 2.$pLaudibus in sanctis.
700 12$aTallis, Thomas,$dapproximately 1505-1585.$tSalvator mundi,$nno. 1.
700 12$aGibbons, Orlando,$d1583-1625.$tWorks.$kSelections.
700 12$aWeelkes, Thomas,$dapproximately 1575-1623.$tVocal music.$kSelections.
700 12$aMorley, Thomas,$d1557-1603?$tOut of the deep (Verse anthem).
700 12$aTaverner, John,$dapproximately 1490-1545.$tDum transisset Sabbatum,$nno. 1.
710 2 $aConsort of Musicke.$4prf
988   $a20020608
906   $0RLIN

