LEADER 01031nam a2200301 a 4500
001 002000037-5
005 20020606093309.7
008 860603s1985    unraf    b    001 0 ukro 
010   $a   86167034 //r86
020   $c0.90rub
035 0 $aocm14240763
035 0 $aocm14240763$zocm23579263
040   $aDLC$cDLC$dm/c$dHLS
043   $ae-ur-un
050 0 $aPG3948.Z43$bD8 1985
100 1 $aZ︠H︡ur, Petro.
245 10$aDuma pro ohonʹ :$bz khroniky z︠h︡ytti︠a︡ i tvorchosti Tarasa Shevchenka /$cPetro Z︠H︡ur.
246 3 $aDuma pro ogonʹ.
260   $aKyïv :$bVyd-vo khudoz︠h︡. lit-ry "Dnipro",$c1985.
300   $a432 p., [33] p. of plates :$bill. ;$c18 cm.
500   $aTitle in colophon: Duma pro ogonʹ.
500   $aIncludes index.
504   $aBibliography: p. 391-[409]
600 10$aShevchenko, Taras,$d1814-1861$xPolitical and social views.
600 10$aShevchenko, Taras,$d1814-1861$xContemporary Ukraine.
651  0$aUkraine$xSocial conditions.
988   $a20020608
906   $0DLC

