LEADER 01075cam a2200301 a 4500
001 002000038-3
005 20020606093309.7
008 871030s1981    pl            000 0apol  
010   $a   83115930 //r93
035 0 $aocm17228774
035 1 $aDCLC83115930B
040   $aDLC$cDLC$dDLC
043   $an-cn---$ae-pl---$an-us---
050 00$aPG7161.I312$bZ476 1981
100 1 $aBielaczek, Ludwik.
245 10$aWspomnienia bliskie i dalekie /$cLudwik Bielaczek ; do druku przygotował i przedmową opatrzył Władysław Hendzel.
260   $a[Opole] :$bInstytut Śląskiw Opolu,$c1981.
300   $a222 p. ;$c21 cm.
600 10$aBielaczek, Ludwik$vBiography.
600 10$aBielaczek, Ludwik$xHomes and haunts$zPoland$zOpole Region.
600 10$aBielaczek, Ludwik$xJourneys$zCanada.
600 10$aBielaczek, Ludwik$xJourneys$zUnited States.
650  0$aAuthors, Polish$y20th century$vBiography.
651  0$aCanada$xDescription and travel.
651  0$aUnited States$xDescription and travel.
700 1 $aHendzel, Władysław.
988   $a20020608
906   $0DLC

