LEADER 00700nam a2200181 a 4500
001 002000039-1
005 20020606093309.7
008 900925s1936    le ab    b    000|0bara d
100 1 $aBustānī, Wadīʻ.
245 10$aIntidāb al-Filasṭīnī bāṭil wa-muḥāl : ḥujaj wa-ḥaqāʾiq wa-wathāʾiq fi sabīl ḥall lil-mushkilah al-filasṭīnīyah /$crafaʻahā Wadīʻ al-Bustānī.
260   $aBayrūt :$bal-Maṭbaʻah al-Amīrikānīyah,$c1936.
300   $a5, 208 p. :$bill., 1 map ;$c25 cm.
504   $aIncludes bibliographical references (p. [5]).
650  0$aMandates$zPalestine.
651  0$aPalestine$xHistory$y1917-1948.
752   $aLebanon$dBeirut.
988   $a20020608
906   $0MH

