LEADER 00382nam a22001335u 4500
001 002000040-5
005 20020606093309.7
008 900925|1982    yu           |||||||hrv|d
245 10$aNovi Pazar :$bturistički vodič /$curednik: Marić Savo.
260 0 $aNovi Pazar :$bOpštinski turistički savez Novog Pazara,$c1982.
300   $a64 p.
700 1 $aMarić, Savo.
988   $a20020608
906   $0MH

