LEADER 01363cam a2200361 a 4500
001 002000041-3
005 20020606093309.7
008 900321s1981    pl a     b    00010apol  
010   $a   83115223 
035 0 $aocm21376374
035 1 $aDCLC83115223B
040   $aDLC$cDLC$dDLC
043   $ae-pl---
050 00$aD802.P62$bC545 1981
100 10$aKoenig, Paweł.
245 10$aO krok od śmierci :$bwspomnienia z czasów okupacji hitlerowskiej /$cPaweł Koenig.
250   $aWyd. 1.
260 0 $a[Opole] :$bInstytut Śląski w Opolu,$c1981.
300   $a119 p. :$bill. ;$c21 cm.
504   $aIncludes bibliographical references.
600 10$aKoenig, Paweł.
650  0$aWorld War, 1939-1945$zPoland$zCieszyn Region (Bielsko)
650  0$aWorld War, 1939-1945$xPersonal narratives, Polish.
650  0$aPrisoners of war$zPoland$vBiography.
651  0$aCieszyn Region (Bielsko, Poland)$xHistory.
650  0$aWorld War, 1939-1945$zPoland$zCieszyn Region (Województwo Śląskie)
651  0$aCieszyn Region (Województwo Śląskie, Poland)$xHistory.
655  7$aBiography.$2fast
655  7$aHistory.$2fast
655  7$aPersonal narratives$vPolish.$2fast
776 08$iOnline version:$aKoenig, Paweł.$tO krok od śmierci.$bWyd. 1.$d[Opole] : Instytut Śląski w Opolu, 1981$w(OCoLC)743248665
988   $a20020608
906   $0DLC

