LEADER 00597cam a2200181Ia 4500
001 002000042-1
005 20020606093309.7
008 870312s1984    rura          000 1 rus d
035 0 $aocm15307730
040   $aMNO$cMNO$dPIT$dHLS
090   $aPG3479.4.R4$bP6 1984
100 1 $aBrendi︠u︡chkov, Konstantin Grigorʹevich.
245 10$aPosledniĭ angel :$bfantasticheskai︠a︡ povestʹ /$cK.G. Brendi︠u︡chkov.
260   $aI︠A︡roslavlʹ :$bVerkhne-Volzhskoe knizhnoe izdatelʹstvo,$c1984.
300   $a188 p. :$bill. ;$c20 cm.
500   $aRomanized record.
988   $a20020608
906   $0OCLC

