LEADER 00830nam a2200241I  4500
001 002000043-X
005 20020606093309.7
008 841029s1955    stk           000 0 eng c
010   $aa  56007033 
035 0 $aocm11323280
040   $aNorth Carolina. Univ. Library$cLFM$dm/c$dHLS
041 0 $aengger
050  4$aPF3137$b.W35
090   $aPF3137$b.W35
100 1 $aWardale, W. L.$q(Walter Lawrence)
245 10$aGerman pronunciation ...
260   $aEdinburgh,$bUniversity Press,$c1955.
300   $a95 p.$c23 cm.
490 0 $aEdinburgh University publication, Language and Literature (temp)$vno. 3
650  0$aGerman language$xPronunciation.
776 08$iOnline version:$aWardale, W.L. (Walter Lawrence).$tGerman pronunciation .$dEdinburgh, University Press, 1955$w(OCoLC)551477384
988   $a20020608
906   $0OCLC

