LEADER 00800nam a22001937a 4500
001 002000044-8
005 20020606093309.7
008 900925s1945    uk            000|0 cze d
035 0 $aocm45850477
040   $aUUS$cUUS
100 1 $aOdložilík, Otakar,$d1899-1973.
245 10$aMaják nad vodami :$břeč, kterou ve slavnostním shromáždění Svazu čs. legionářů v Londýně dne 7. března 1945 proslovil Otakar Odložilík.
246 1 $iTitle in English:$aBeacon above the waters :$ban address to the troops of the Czech army in exile in London on the 7th of March, 1945
260   $aLondon :$bPrinted by Lofox ;$c1945.
300   $a14 p. ;$c19 cm.
490 0 $aPolitická knihovna "Čechoslováka" ;$vsv. 23
650  0$aWorld War, 1939-1945$zCzechoslovakia.
988   $a20020608
906   $0OCLC

