LEADER 00634nam a2200193 a 4500
001 002000045-6
005 20020606093309.7
008 900925s1889    ua            000|p ara d
035 0 $aocm47928119
050  4$aPJ7631$b.N34 1889
100 1 $aBatlūnī, Shākir.
245 10$aNafḥ al-azhār fī muntakhabāt al-ashʻār /$cjamaʻahu Shākir al-Batlūnī ; ḍabaṭahu wa-ṣaḥḥaḥahu Ibrāhīm al-Yāzijī.
260   $aMiṣr :$bMaktabat Maḥmūd Tawfīq,$c[1889]
300   $a128 p. ;$c23 cm.
650  0$aArabic poetry.
700 1 $aYāzijī, Ibrāhīm,$d1847-1906.
752   $aEgypt$dCairo.
988   $a20020608
906   $0MH

