LEADER 01757nam a22003735  4500
001 002000046-4
005 20100623101841.0
008 900925s1648    fr b          000|0 fre d
035 0 $aocn656148212
040   $aMH-H$edcrmb$cMH-H
100 1 $aSanson, Nicolas,$d1600-1667.
245 10$aCarte, et description de l'Italie.
260   $aA Paris :$bChez l'auteur N. Sanson d'Abbeville, Geographe de sa Majeste,$c1648.
300   $a2 pts. :$bmaps ;$c45 cm.
500   $aPt. 1: [58] leaves; pt. 2: [48] p.
500   $aPt. 1 is wholly engraved.
500   $aEngraved general title page signed in the plate "F. Chauveau invent et fecit."
500   $aPt. 2 has own title page with vignette (French royal coat of arms).
500   $aThe maps for "Italia antiqua" and the "Carte generale" were engraved by Melchior Tavernier, published by Pierre Mariette, with privileges dated 1641 and 1643.
500   $aMaps are mounted on stubs.
500   $aSignatures: pt. 2: pi² A-L² (last leaf blank).
510 4 $aTooley, R.V. Maps and map-makers,$cp. 40
650  0$aItaly$vMaps$vEarly works to 1800.
655  7$aMaps$zFrance$zParis$y1648.$2rbgenr
655  7$aAtlases (Geographic)$zFrance$zParis$y1648.$2rbgenr
655  7$aDedicatees' copies (Provenance)$zFrance$y1648.$2rbprov$5hou
700 1 $aTavernier, Melchior,$d-1641,$eengraver.
700 1 $aChauveau, François,$d1613-1676,$eill.
700 1 $aMariette, Pierre,$d1634-1716,$epublisher.
700 1 $aMazarin, Jules,$d1602-1661,$eformer owner.$5hou
740 12$aTable alphabetique de toutes les villes grandes, moyennes, et petites, et autres places qui sont de quelque consideration dans la carte de l'Italie.
752   $aFrance$dParis.
988   $a20020608
906   $0MH

