LEADER 00885nam a2200277 a 4500
001 002000047-2
005 20020606093309.7
008 890118s1981    pl       b    001 0 pol  
010   $a   83115349 //r94
035 0 $aocm19266722
035 1 $aDCLC83115349B
040   $aDLC$cDLC$dDLC
041 0 $apol$bger
043   $ae-pl---
050 00$aPN2859.P63$bS57 1981
100 1 $aPiegza, Marian.
245 10$aŻycie teatralne na Górnym Śląsku w latach powstań i plebiscytu /$cMarian Piegza.
250   $aWyd. 1.
260   $a[Opole] :$bInstytut Śląski w Opolu,$c1981.
300   $a121 p. ;$c24 cm.
500   $aSummary in German.
504   $aIncludes bibliographical references and indexes.
650  0$aTheater$zSilesia, Upper (Poland and Czech Republic)$xHistory$y20th century.
650  0$aTheater$zPoland$xHistory$y20th century.
988   $a20020608
906   $0DLC

