LEADER 00546nam a2200193Ia 4500
001 002000048-0
005 20090712120220.0
008 861112s1984    rur           000 1 rusod
035 0 $aocm14705458
040   $aWAU$cWAU$dHLS
041 1 $arus$hkaz
090   $aPL65.K4$bM3417 1984
100 1 $aMaghauin, Mūkhtar.
245 10$aZmeinoe leto :$bpovesti /$cMukhtar Magauin ; perevod s kazakhskogo.
260   $aMoskva :$bSovetskiĭ pisatelʹ,$c1984.
300   $a348 p. ;$c20 cm.
500   $aTranslation from Kazakh.
988   $a20020608
906   $0OCLC

