LEADER 00780pam a2200253 a 4500
001 002000049-9
005 20020606093309.7
008 891019s1990    nyua     b    00110 eng  
010   $a   89029386 
020   $a0716720795
035 0 $aocm20636221
040   $aDLC$cDLC$dCLS
050 00$aQD151.5$b.S57 1990b
082 00$a546$220
100 1 $aShriver, D. F.$q(Duward F.),$d1934-
245 10$aInorganic chemistry /$cDuward F. Shriver, P.W. Atkins, Cooper H. Langford.
260 0 $aNew York :$bFreeman,$cc1990.
300   $axiii, 706 p. :$bill. ;$c26 cm.
504   $aIncludes bibliographical references.
650  0$aChemistry, Inorganic.
700 1 $aAtkins, P. W.$q(Peter William),$d1940-
700 1 $aLangford, Cooper Harold,$d1934-
988   $a20020608
906   $0DLC

