LEADER 01105nam a22002417  4500
001 002000050-2
005 20020606093309.7
008 880629s1896    cc            00000 eng d
035 0 $aocm03492832
041 0 $achieng
050 04$aPL1455$b.W65 1896
100 1 $aWilliams, S. Wells$q(Samuel Wells),$d1812-1884.
245 12$aA Syllabic dictionary of the Chinese language;$barranged according to the Wu-Fang Yuen Yin, with the pronunciation of the characters as heard in Peking, Canton, Amoy, and Shanghai;$cby S. Wells Williams.
260   $aShanghai$b[Stereotyped at the] American Presbyterian Mission Press,$c1896.
300   $alxxxiv, 1254 p.$c28 x 22 cm.
500   $aAdded t.p. in Chinese.
500   $aThree columns to the page.
650  0$aChinese language$xDictionaries$xEnglish.
655  7$aDictionaries.$2fast
700 0 $aFan T'êng-fêng.$tWuf̂ang yuanyin.
776 08$iOnline version:$aWilliams, S. Wells (Samuel Wells), 1812-1884.$tSyllabic dictionary of the Chinese language.$dShanghai, American Presbyterian mission Press, 1896$w(OCoLC)883581585
988   $a20020608
906   $0MH

