LEADER 01210nam a2200301Ia 4500
001 002000052-9
005 20020606093309.7
008 821201s1979    rur      b    000 0 rusod
020   $c1.20rub
035 0 $aocm09007791
040   $aIUL$cIUL$dm/c$dHLS
041 1 $arus$hbul
043   $ae-bu---
050  4$aPG1008$b.L74 1979
090   $aPG1008$b.L74
245 00$aLiteratura i istorii︠a︡ :$bOsvoboditelʹnai︠a︡ voĭna 1877-1878 godov i bolgarskai︠a︡ literatura : statʹi bolgarskikh literaturovedov /$c[sostaviteli Khr. Dudevskiĭ, i T. Zhechev] ; perevod s bolgarskogo.
260   $aMoskva :$b"Khudozhestvennai︠a︡ literatura",$c1979.
300   $a365 p. ;$c21 cm.
504   $aIncludes bibliographical references.
650  0$aBulgarian literature$y19th century$xHistory and criticism.
650  0$aRussian literature$y19th century$xHistory and criticism.
650  0$aRusso-Turkish War, 1877-1878.
655  7$aCriticism, interpretation, etc.$2fast
700 1 $aDudevski, Khristo.
700 1 $aZhechev, Toncho.
776 08$iOnline version:$tLiteratura i istorii͡a.$dMoskva : "Khudozhestvennai͡a literatura", 1979$w(OCoLC)610275534
988   $a20020608
906   $0OCLC

