LEADER 00816cam a2200217Ia 4500
001 002000053-7
005 20020606093309.7
008 850903s1984    rurc     b    000 1 rusod
035 0 $aocm13475890
040   $aRBN$cRBN$dPIT$dm/c$dHLS
050  4$aPG3479.4.U52$bD66 1984
090   $aPG3479.4.U52$bD66 1984
100 1 $aBukhant︠s︡ov, N. S.$q(Nikolaĭ Stefanovich)
245 10$aDonnik--trava pakhuchai︠a︡ :$bpovestʹ, rasskazy /$cNikolaĭ Bukhant︠s︡ov.
246 3 $aDonnik, trava pakhuchai︠a︡.
260   $aMoskva :$bSov. pisatelʹ,$c1984.
300   $a270 p. :$bport. ;$c17 cm.
500   $aPort. on endpapers.
776 08$iOnline version:$aBukhant͡sov, N.S. (Nikolaĭ Stefanovich).$tDonnik--trava pakhuchai͡a.$dMoskva : Sov. pisatelʹ, 1984$w(OCoLC)569612283
988   $a20020608
906   $0OCLC

