LEADER 00432nam a2200157 a 4500
001 002000054-5
005 20020606093309.7
008 900925s1970    iq            000|p ara d
100 1 $aYāsirī, Ṣāfī.
245 10$aṢalāh li-ʻaynayki :$bshiʻr /$cṢāfī al-Yāsirī.
260   $aBaghdād :$bDār al-Baṣrī,$c1970.
300   $a62 p. ;$c17 cm.
650  0$aArabic poetry.
752   $aIraq$dBaghdad.
988   $a20020608
906   $0MH

