LEADER 01500nam a2200397 a 4500
001 002000055-3
005 20120301113343.0
008 910109s1989    it a     bc   00100 ita d
020   $a8842202401
020   $a8842202428
035 0 $aocm26898128
035 1 $aMAHA91B85
035 1 $zNYPR90B1914
040   $aMH-FA$cMH-FA
043   $ae-it---$ae------
050  4$aNC1020$b.S35 1989
090   $aNC1020$b.S35 1989
245 00$aDa Leonardo a Rembrandt :$bdisegni della Biblioteca reale di Torino /$ca cura di Gianni Carlo Sciolla ; [autori delle schede, Sylvie Béguin ... et al.].
260 0 $aTorino :$bU. Allemandi,$cc1989 (1990 printing)
300   $a409 p. :$bill. (some col.) ;$c35 cm.
500   $aCatalog of an exhibition held at the Palazzo reale, Turin.
504   $aIncludes bibliographical references and index.
610 20$aBiblioteca di S.M. il re (Turin, Italy)$vExhibitions.
610 27$aBiblioteca reale (Turin, Italie)$xCatalogues$xExpositions.$2ram
650  0$aDrawing, Italian$vExhibitions.
650  0$aDrawing, European$vExhibitions.
650  7$aDessin$y16e siècle$xExpositions.$2ram
650  7$aDessin$y17e siècle$xExpositions.$2ram
650  7$aDessin$y18e siècle$xExpositions.$2ram
650  0$aDrawing$zItaly$zTurin$vExhibtions.
700 1 $aSciolla, Gianni Carlo.
700 1 $aBéguin, Sylvie.
710 2 $aPalazzo reale (Turin, Italy)
710 2 $aBiblioteca di S.M. il re (Turin, Italy)
988   $a20020608
906   $0MH

