LEADER 01176nam a2200289Ia 4500
001 002000056-1
005 20020606093309.7
008 830301s1980    rur      b    000 0 rusod
020   $c2.80rub
035 0 $aocm09266466
035 0 $aocm09266466$zocm16625830
040   $aIUL$cIUL$dm/c$dHLS
043   $ae-ur---
090   $aHX40$b.D98
245 00$aDvizhenie mezhdunarodnoĭ solidarnosti trudi︠a︡shchikhsi︠a︡ 1924-1932 /$c[avtory L.G. Babichenko ... i dr. ; redakt︠s︡ionnai︠a︡ kollegii︠a︡ A.N. Shlepakov (otv. red.) ... i dr.].
260   $aKiev :$b"Naukova dumka",$c1980.
300   $a393 p. ;$c21 cm.
500   $aAt head of title : Akademii︠a︡ nauk Ukrainskoĭ SSR. Institut istorii. Institut sotsialʹnykh i ėkonomicheskikh problem zarubezhnykh stran.
504   $aIncludes bibliographical references.
650  0$aCommunism$xHistory.
650  0$aWorking class$xHistory.
650  0$aCommunism$zSoviet Union.
700 1 $aShlepakov, A. N.$q(Arnolʹd Nikolaevich)$eed.
700 1 $aBabichenko, L. G.$q(Leonid Grigorʹevich)
710 2 $aInstytut istoriï (Akademii͡a nauk Ukraïnsʹkoï RSR)
988   $a20020608
906   $0OCLC

