LEADER 00734cam a22002657a 4500
001 002000057-X
005 20020606093309.7
008 901107s1990    enka     b    000 0 eng d
010   $agb 90040720 
015   $aGB90-40720
020   $a085398297X (pbk) :$c£6.95 : CIP confirmed
035 0 $aocm51513705
035 0 $aocm22243548
040   $aUKM$cUKM$dHLS
050 14$aBP380
082 04$a297.93$220
100 1 $aConow, B. Hoff.
245 14$aThe Baháʾí teachings :$ba resurgent model of the universe.
260   $bRonald,$c1990.
300   $a172 p. :$bill. ;$c24 cm.
504   $aIncludes bibliographical references.
650  0$aBahai Faith$xDoctrines.
653   $aBahai doctrine
988   $a20020608
906   $0OCLC

