LEADER 00857njm a2200265 a 4500
001 002000058-8
005 20120717033642.0
008 900925s1990    enkcgnn          |      d
028 02$aCD DCA 724$bASV
035 0 $aocm23675018
040   $aDMM$cDMM$dSXP$dMH-Mu
100 1 $aGeminiani, Francesco,$d1687-1762.
240 10$aConcerti grossi,$nop. 7
245 10$aConcerti grossi, op. 7$h[sound recording] /$cGeminiani.
260   $aLondon :$bASV,$cp1990.
300   $a1 sound disc :$bdigital, stereo. ;$c4 3/4 in.
511 0 $aAcademy of St. Martin in the Fields ; Iona Brown, conductor.
518   $aRecorded in EMI Studios Abbey Road.
500   $aCompact disc.
650  0$aConcerti grossi.
700 1 $aBrown, Iona.
710 2 $aAcademy of St. Martin-in-the-Fields.
830  0$aClassical music library$5net
988   $a20020608
906   $0OCLC

