LEADER 00472nam a22001335u 4500
001 002000059-6
005 20020606093309.7
008 900925|1981    pl           |||||||pol|d
245 10$aDziecko w literaturze współczesnej :$bmateriały z sesji naukowej zorganizowanej z okazji Międzynarodowego Roku Dziecka, 1 czerwca 1979 r. /$cred. naukowy M. Furtak.
260 0 $aKielce :$bPedag. Biblioteka Woj.,$c1981.
300   $a164 p.
700 1 $aFurtak, Maria.
988   $a20020608
906   $0MH

