LEADER 00787cas a2200265 a 4500
001 002000060-X
005 20020606093309.7
008 901031c19909999enktr p       0uuu 0eng d
010   $asn 90023986 
022   $y0264-6773
035 0 $aocm22613682
040   $aHLS$cHLS$dHUL
042   $alcd
245 00$aTenth decade.
260 00$aLondon :$bOasis Books,$cc1990-
300   $av. :$bill. ;$c21 cm.
310   $aThree no. a year
362 0 $a12-
500   $aTitle from cover.
550 0 $aPublished in cooperation with Permanent Press and Shearsman Books.
650  0$aEnglish poetry$y20th century$vPeriodicals.
650  0$aAmerican poetry$y20th century$vPeriodicals.
780 00$tNinth decade$x0264-6773$w(DLC)sn 85061221$w(OCoLC)11119491
988   $a20020608
906   $0MH

