LEADER 01045aam a2200313 a 4500
001 002000061-8
005 20020606093309.7
008 910815s1990    enk      b    001 0 eng  
010   $a   91183579 
016 7 $a9103660$2DNLM
020   $a0704342391 :$c£6.95
035 0 $aocm23584396
040   $aDLC$cDLC
043   $ae-uk---
050 00$aR692$b.B53 1990
060 00$aWZ 80.5.W5$bB636c 1990
082 00$a610.69/52/082$220
100 1 $aBlake, Catriona.
245 14$aThe charge of the parasols :$bwomen's entry to the medical profession /$cCatriona Blake ; [foreword by Wendy Savage].
260 0 $aLondon :$bWomen's Press,$c1990.
300   $axvii, 254 p. ;$c20 cm.
504   $aIncludes bibliographical references (p. [237]-241) and index.
650  0$aWomen physicians$zGreat Britain$xHistory.
650  2$aHistory, 19th Century$zGreat Britain.
650  2$aPhysicians, Women$zGreat Britain$xHistory.
650  2$aWomen's Rights$zGreat Britain$xHistory.
655  7$aHistory.$2fast
988   $a20020608
906   $0DLC

