LEADER 00552nam a22001815a 4500
001 002000063-4
005 20020606093309.7
008 900925m19709999le            000|0 ara d
035 0 $aocn234384034
090   $aPJ6190$b.Y3 1970b
100 1 $aYāzijī, Ibrāhīm,$d1847-1906.
245 10$aNujʻat al-rāʾid wa-sharʻat al-wārid fī al-mutarādif wa-al- mutawārid.
260   $aBayrūt :$bal-Maktabah al-Būlusīyah,$c1970-
300   $av.
650  0$aArabic language$xSynonyms and antonyms.
752   $aLebanon$dBeirut.
988   $a20020608
906   $0MH

