LEADER 00641nam a2200217Ia 4500
001 002000064-2
005 20020606093309.7
008 830519s1979    rur           000 0drusod
035 0 $aocm09526003
040   $aUIU$cUIU$dHLS
043   $ae-ur---
090   $ax
100 1 $aRomanov, Alekseĭ Vladimirovich.
245 10$aPo stupeni︠a︡m pi︠a︡tiletok /$cAlekseĭ Romanov.
260   $aMoskva :$bSovetskai︠a︡ Rossii︠a︡,$c1979.
300   $a91 p. ;$c16 cm.
440  0$aPisatelʹ i vremi͡a
650  0$aJournalists, Russian$vBiography.
651  0$aSoviet Union$xEconomic policy$y1917-1928.
988   $a20020608
906   $0OCLC

