LEADER 01075cas a2200313 a 4500
001 002000065-0
005 20061208163356.0
008 770117c19uu9999nyuqr1p       0uuua0eng d
010   $asn 78002368 
022 0 $a0160-2497
030   $aCPPNB6
035 0 $aocm02681883
040   $aDXU$cDXU$dNSD$dCOO$dNSD$dNST$dAIP$dNST$dHUL
042   $ansdp$alcd
210 0 $aComput. pers.
222 00$aComputer personnel
245 00$aComputer personnel.
246 13$aSIGCPR
260 00$aNew York, NY :$bAssociation for Computing Machinery,
300   $av. ;$c28 cm.
310   $aQuarterly
500   $aDescription based on: Vol. 12, no. 1 (Apr. 1989); title from cover.
510 2 $aComputer & control abstracts$x0036-8113$b1974-
510 2 $aElectrical & electronics abstracts$x0036-8105$b1974-
510 2 $aPhysics abstracts. Science abstracts. Series A$x0036-8091$b1974-
650  0$aComputer programmers$vPeriodicals.
710 2 $aAssociation for Computing Machinery.$bSpecial Interest Group on Computer Personnel Research.
988   $a20020608
906   $0OCLC

