LEADER 00895nam a22002295u 4500
001 002000066-9
005 20020606093309.7
008 900925|1981    pl           |||||||pol|d
035 0 $aocm71958013
043   $ae-pl---
050  4$aPG7133.5.S78$bR43 1981
245 10$aRealni romantycy, 1976-1980 :$bwybór tekstów robotniczo-studenckiego ruchu literackiego.
260 0 $aWarszawa :$bSocj. Związek Studentów Polskich,$c1981.
300   $a196 p.
504   $aIncludes bibliographical references (page 183).
610 20$aStudencki Centrum Literacki "Gremium."
650  0$aCollege students' writings, Polish$xStudencki Centrum Literacki "Gremium"$zPoland.
650  0$aPolish literature$y20th century.
650  0$aCollege students' writings, Polish$zPoland$xStudencki Centrum Literacki "Gremium."
710 2 $aSocjalistyczny Związek Studentów Polskich.
988   $a20020608
906   $0MH

