LEADER 01006cam a2200289 a 4500
001 002000067-7
005 20020606093309.7
008 890811s1986    unracf        000 0aruso 
010   $a   85202362 //r90
020   $c0.25rub
035 0 $aocm20296011
035 0 $aocm20296011$zocm18752737
040   $aDLC$cDLC$dHLS
043   $ae-ur---
050 00$aD811$b.K5763 1986
100 1 $aKolesnikov, P. V.$q(Petr Vasilʹevich)
245 10$aKarai︠u︡shchiĭ smerch :$bfrontovye vospominanii︠a︡ /$cPetr Kolesnikov.
260   $aKiev :$bIzd-vo T︠S︡K LKSMU "Molodʹ",$c1986.
300   $a119 p., [4] p. of plates :$bill., ports. ;$c17 cm.
440  0$aGeroi, gody, svershenii͡a
600 10$aKolesnikov, Petr.
650  0$aWorld War, 1939-1945$xPersonal narratives, Russian.
650  0$aWorld War, 1939-1945$xArtillery operations, Soviet.
650  0$aGenerals$zSoviet Union$vBiography.
650  0$aWorld War, 1939-1945$xPersonal narratives, Soviet.
988   $a20020608
906   $0DLC

