LEADER 00467nam a2200169M  4500
001 002000068-5
005 20020606093309.7
008 861011s1985    rura          000 0 rus d
035 0 $aocm21861924
040   $aCUY$cCUY$dHLS
090   $ax
100 1 $aSyryshcheva, Tatʹi︠a︡na.
245 10$aSkazhu nechto /$cTatʹi︠a︡na Syryshcheva.
260   $aMoskva :$bMolodai︠a︡ gvardii︠a︡,$c1985.
300   $a110 p. :$bill. ;$c17 cm.
988   $a20020608
906   $0OCLC

