LEADER 00784nam a2200253 a 4500
001 002000069-3
005 20020606093309.7
008 010124s1990    it a          00010 ita d
020   $a8870244083
035 0 $aocm24085369
035 1 $aMAHA01B258
035 1 $zNJPG90B52105
040   $aNjP$cNjP
043   $ae-it---
100 1 $aGiatti, Natalia.
245 10$aIconografia mariana nei masi dell'Alto Adige /$cNatalia Giatti.
250   $a2a. ed.
260   $aCalliano (Trento) :$bManfrini,$cc1990.
300   $a256 p. :$bcol. ill. ;$c33 cm.
600 00$aMary,$cBlessed Virgin, Saint$vArt.
650  0$aChristian art and symbolism$zItaly$zTrentino-Alto Adige.
650  0$aMural painting and decoration, Italian$zItaly$zTrentino-Alto Adige.
988   $a20020608
906   $0RLIN

