LEADER 00655nam a2200193 a 4500
001 002000070-7
005 20020606093309.7
008 900925s1990    xxub     b    00010 eng d
035 0 $aocm76975520
100 1 $aFriend, John Sidney.
245 10$aJorge Amado's Terras do sem fim and the Northeast question of southern Bahía /$cby John Sidney Friend.
260 1 $c1990.
300   $aii, 74 leaves :$bmaps ;$c29 cm.
502   $aThesis (A.B., Honors)--Harvard University, 1990.
504   $aIncludes bibliographical references.
600 10$aAmado, Jorge,$d1912-2001.$tTerras do sem fim.
651  0$aBrazil, Northeast$xHistory.
988   $a20020608
906   $0MH

