LEADER 00653cam a22002417a 4500
001 002000071-5
005 20020606093309.7
008 901017s1990    enk           000 0 eng d
010   $agb 90040721 
015   $aGB90-40721
020   $a0853983143 (pbk) :$c£4.95 : CIP confirmed
035 0 $aocm22243549
040   $aUKM$cUKM$dHLS
050 14$aBP380
082 04$a297.93$220
100 1 $aNa1ḵ1ẖjavánı́, Bahı́yyih.
245 10$aAsking questions :$ba challenge to fundamentalism.
260   $bRonald,$c1990.
300   $a182 p. ;$c19 cm.
650  0$aBahai Faith$xDoctrines.
653   $aBahai doctrine
988   $a20020608
906   $0OCLC

