LEADER 00799nam a2200265 a 4500
001 002000072-3
005 20020606093309.7
008 900718s1990    enk           000 0 eng d
010   $agb 90040136 
015   $aGB90-40136
020   $a0255362587 (pbk) :$c£3.95
035 0 $aocm22241944
040   $aUKM$cUKM$dHLS
043   $ae-uk---
050 14$aRA395.G6
082 04$a362.10941$220
245 00$aMedical care :$bis it a consumer good? /$cBrendan Devlin ... [et al.].
260   $aLondon :$bIEA Health and Welfare Unit,$c1990.
300   $ax, 89 p. ;$c21 cm.
650  0$aMedical care$zGreat Britain.
653   $aGreat Britain$aHealth services
700 1 $aDevlin, H. Brendan.
710 2 $aInstitute of Economic Affairs.$bHealth and Welfare Unit.
988   $a20020608
906   $0OCLC

