LEADER 01253nam a2200289 a 4500
001 002000073-1
005 20020606093309.7
008 860403s1980    rur      b    000 0 rus c
010   $a   85664717 
035 0 $aocm13526742
035 0 $aocm13526742$zocm09202712
040   $aICU$cCGU$dm/c$dHLS
043   $ae-fr---
050 1 $aHD6481.2.F8$bR87x 1980
100 1 $aRupet︠s︡, V. G.$q(Valentin Gennadievich)
245 10$aKhristianskoe profsoi︠u︡znoe dvizhenie Frant︠s︡ii v gody V Respubliki, 1958-1978 /$cV.G. Rupet︠s︡.
260   $aMoskva :$bIzd-vo "Nauka",$c1980.
300   $a271 p. ;$c20 cm.
500   $aAt head of title: Akademii︠a︡ nauk SSSR. Institut mezhdunarodnogo rabochego dvizhenii︠a︡.
504   $aBibliography: p. 259-[270].
610 20$aConfédération française des travailleurs chrétiens$xHistory.
610 20$aConfédération française démocratique du travail$xHistory.
650  0$aCatholic labor unions$zFrance$xHistory.
655  7$aHistory.$2fast
776 08$iOnline version:$aRupet͡s, V.G. (Valentin Gennadievich).$tKhristianskoe profsoi͡uznoe dvizhenie Frant͡sii v gody V Respubliki, 1958-1978.$dMoskva : Izd-vo "Nauka", 1980$w(OCoLC)741518858
988   $a20020608
906   $0OCLC

