LEADER 02016njm a22005057a 4500
001 002000074-X
005 20090501130239.0
008 981214p19901986bu op    d          rus d
028 00$a010032$bBalkanton
028 00$a010033$bBalkanton
028 00$a010034$bBalkanton
028 02$a10032$bBalkanton
033 0 $a198610--$b6894
035 0 $aocm25889968
035 1 $aMAHS98R1396
035 1 $zCUBGGLAD16777413
040   $aCU$cCU$dCStRLIN$dPU$dMH-Mu
041 0 $drus$erus$geng
045 2 $bd1824$bd1857
100 1 $aGlinka, M. I.$q(Mikhail Ivanovich),$d1804-1857.
240 10$aZhiznʹ za t͡sari͡a
245 10$aIvan Susanin$h[sound recording] :$ba life for the tsar /$cGlinka.
260   $a[Bulgaria] :$bBalkanton,$cp1990.
300   $a3 sound discs :$bdigital, stereo. ;$c4 3/4 in.
500   $aOpera in 4 acts and an epilogue.
500   $aSung in Russian.
500   $aLibretto by G. Rozen.
500   $aCompact discs.
500   $aProgram notes and synopsis in English, and words in romanized Russian (52 p.) inserted in container.
500   $aBalkanton: 010032/34 (010032--010034).
511 0 $aNicola Ghiuselev, Hristina Angelakova, Elena Stoyanova, Roumen Doikov, Nikolai Stoilov, singers ; Bulgarian Television and Radio Chorus ; Mihail Milkov, conductor ; Bulgarian Television and Radio Symphony Orchestra ; Ivan Marinov, conductor.
518   $aRecorded in August, 1986 in the Bulgaria Concert Hall.
650  0$aOperas.
700 1 $aGi͡uzelev, Nikola,$d1936-$4prf
700 1 $aAngelakova, Khristina.$4prf
700 1 $aStoyanova, Elena$c(Singer)$4prf
700 1 $aDoĭkov, Rumen.$4prf
700 1 $aStoilov, Nikolaĭ.$4prf
700 1 $aMilkov, Mikhail.$4cnd
700 1 $aMarinov, Ivan,$d1928-2003.$4cnd
700 1 $aRozen, Egor Fedorovich,$cbaron,$d1800-1860.$4lbt
710 2 $aSimfonichen orkestŭr na bŭlgarskoto radio i televizii͡a.$4prf
710 2 $aBŭlgarsko radio.$bAnsambŭl za pesni.$4prf
988   $a20020608
906   $0RLIN

