LEADER 00865nam a22002538a 4500
001 002000075-8
005 20020606093309.7
008 900727s1990    enka     b    00110 eng  
010   $a   90045078 
020   $a0861871308
035 0 $aocm22278328
040   $aDLC$cDLC$dHLS
050 00$aT174.3$b.A45 1990
082 00$a338.926$220
100 1 $aAlmeida, Darcy F. de$q(Darcy Fontoura)
245 10$aScience policy research :$bimplications and applications /$cedited by Darcy F. de Almeida with an introductory chapter by Sir Hermann Bondi.
260 0 $aLondon ;$aNew York :$bPinter Publishers,$c1990.
300   $axiv, 129 p. :$bill. ;$c22 cm.
440  0$aIFIAS research series ;$vno. 12
504   $aIncludes bibliographical references and index.
650  0$aTechnology transfer.
650  0$aDiffusion of innovations.
988   $a20020608
906   $0DLC

