LEADER 00533nam a2200169 a 4500
001 002000076-6
005 20020606093309.7
008 900925s1968    ku            000|0 ara d
100 1 $aWāfī, ʻAlī ʻAbd al-Wāḥid.
245 10$aIslam fī al-mujtamaʻ al-ʻArabī /$cli-ʻAlī ʻAbd al-Wāḥid Wāfī.
260   $aKuwayt :$bMaktabat al-Manār,$c[1968?]
300   $a25 p. ;$c17 cm.
650  0$aSex crimes$zArab countries.
651  0$aIslamic countries$xSocial conditions.
752   $aKuwait$dKuwait.
988   $a20020608
906   $0MH

