LEADER 00480nam a22001817a 4500
001 002000077-4
005 20020606093309.7
008 891103s1984    rur           000 0 rus  
010   $a   89873850 
035 0 $aocm20760060
040   $aDLC$cDLC$dHLS
090   $ax
100 1 $aKuzʹmin, Lev.
245 10$aNelaskovyĭ bereg :$broman /$cLev Kuzʹmin.
260   $aCheboksary :$bChuvashskoe knizhnoe izd-vo,$c1984.
300   $a237 p. :$bill. ;$c21 cm.
988   $a20020608
906   $0DLC

