LEADER 00763cam a2200241 a 4500
001 002000078-2
005 20020606093309.7
008 870925s1986    unr      b    000 0 ruso 
010   $a   87132344 //r91
020   $c0.35rub
035 0 $aocm16866604
040   $aDLC$cDLC$dHLS
050 00$aHD9743.A2$bK66 1986
100 1 $aKononov, Georgiĭ Georgievich.
245 10$aPod bremenem voennykh raskhodov /$cG.G. Kononov, I︠U︡.G. Poltavt︠s︡ev.
260   $aKiev :$bIzd-vo polit. lit-ry Ukrainy,$c1986.
300   $a157 p. ;$c20 cm.
504   $aBibliography: p. 151-[156]
650  0$aMilitary weapons.
650  0$aMilitarism$xEconomic aspects.
700 1 $aPoltavt︠s︡ev, I︠U︡. G.$q(I︠U︡riĭ Georgievich)
988   $a20020608
906   $0DLC

