LEADER 00474nam a2200181K  4500
001 002000079-0
005 20020606093309.7
008 810221s1933    cs            000 0 cze d
035 0 $aocm07145721
040   $aCLE$cCLE$dHLS
090   $ax
100 1 $aStránský, Jaroslav,$d1884-
245 10$aPoslanec pǐše vládě.
260   $aPraha,$bFr. Borový,$c1933.
300   $a61 p.
651  0$aCzechoslovakia$xPolitics and government$y1918-1938.
988   $a20020608
906   $0OCLC

