LEADER 00662pam a22002537a 4500
001 002000080-4
005 20020606093309.7
008 910320s1991    enkahbc       001 0beng d
010   $agb 90041278 
015   $aGB90-41278
020   $a1870989082 (cased) :$c£16.95
020   $a1870989120 (pbk) :$c£9.95
035 0 $aocm22240443
040   $aUKM$cUKM$dHLS
050 14$aBP365
082 04$a297.93092$220
100 1 $aKhursheed, Anjam.
245 14$aThe seven candles of unity.
260   $bBaháʾí Publishing Trust,$cc1991.
300   $axv, 270 p.
650  0$aBahai Faith.
653   $aBahāʾı̄ faith$aHistory
988   $a20020608
906   $0OCLC

