LEADER 00665nam a2200193Ia 4500
001 002000081-2
005 20020606093309.7
008 860820s1984    rurc          000 1 rusod
035 0 $aocm14116014
040   $aPIT$cPIT$dm/c$dHLS
050  4$aPG3488.V52$bK38 1984
090   $aPG3488.V52$bK3 1984
100 1 $aSviridov, Vladimir.
245 10$a"Kaskader" :$bi︠u︡moristicheskie rasskazy i povestʹ /$cVladimir Sviridov.
260   $aMoskva :$bMoskovskiĭ rabochiĭ,$c1984.
300   $a207 p. :$bport. ;$c17 cm.
776 08$iOnline version:$aSviridov, Vladimir.$t"Kaskader".$dMoskva : Moskovskiĭ rabochiĭ, 1984$w(OCoLC)568635210
988   $a20020608
906   $0OCLC

