LEADER 01152nam a2200313 a 4500
001 002000082-0
005 20020606093309.7
008 921022s1990    it a     b    00110 eng d
020   $a8885085040
035 0 $aocm23204387
035 1 $aMAHA92B3639
035 1 $zNJPG91B34803
040   $aNjP$cNjP$dMH-FA
041 1 $aeng$hita
043   $ae-it---
100 2 $aGallavotti Cavallero, Daniela.
240 10$aPalazzi di Roma dal XIV al XX secolo.$lEnglish
245 10$aMonumental buildings of Rome from the 14th to the 20th century /$cDaniela Gallavotti Cavallero ; presentation by Carlo Pietrangeli ; [translation by Archer Martin].
246 3 $aMonumental buildings of Rome from the fourteenth to the twentieth century.
260   $aRoma :$bNER,$cc1990.
300   $a268 p. :$bill. ;$c32 cm.
500   $aTranslation of: Palazzi di Roma dal XIV al XX secolo.
504   $aIncludes bibliographical references (p. 249-258) and index.
650  0$aArchitecture$zItaly$zRome.
650  0$aPalaces$zItaly$zRome.
651  0$aRome (Italy)$xBuildings, structures, etc.
700 1 $aPietrangeli, Carlo.
988   $a20020608
906   $0RLIN

