LEADER 01096nam a2200265 a 4500
001 002000083-9
005 20020606093309.7
008 900925s1980    gs a     d    00000 geood
010   $a   81480699 
035 0 $aocm07795302
041 0 $ageorus
050 00$aGN710$b.R87
245 10$aRusul-kʻartʻuli arkʻeologiuri lekısikoni :$bmasalebi /$cA. Apʻakʻiżis, redakʻcʻiitʻ ; [šemdgenlebi, A. Apʻakʻiże ... et al.]
246 3 $aRussko-gruzinskiĭ arkeologicheskiĭ slovarʹ.
246 3 $aArkʻeologiuri lekʻsikoni.
246 3 $aRussko-gruzinskiĭ slovarʹ.
260 0 $aTʻbilisi :$bTʻbilisis universitetis gamomcʻemloba,$c1980.
300   $a888, xxix p. :$bill. ;$c23 cm.
500   $aRussian title on added t.p.: Russko-gruzinskiĭ arkheologicheskiĭ slovarʹ : materialy.
500   $aTitle on cover: Arkʻeologiuri lekʻsikoni (rusul-kʻartʻuli) = Arkheologicheskiĭ slovarʹ (russko-gruzinskiĭ).
650  0$aArchaeology$xDictionaries$xGeorgian.
650  0$aRussian language$xDictionaries$xGeorgian.
700 1 $aApakidze, Andria.
988   $a20020608
906   $0MH

