LEADER 00483nam a22001335u 4500
001 002000084-7
005 20020606093309.7
008 900925|1980    yu           |||||||hrv|d
245 10$aAktivnost u ostvarivanju ekonomske stabilizacije u SAP Vojvodini i zadaci Socijalističkog saveza /$curednik Jovan Ćurčić.
260 0 $aNovi Sad :$bPokrajinska konferencija Socijalističkog saveza radnog naroda Vojvodine,$c1980.
300   $a65 p.
700 1 $aĆurčić, Jovan.
988   $a20020608
906   $0MH

