LEADER 00745nam a22002297u 4500
001 002000085-5
005 20020606093309.7
008 900925|1990    is           |||||||heb|d
020   $a9654030012
035 0 $aocm22924813
100 1 $aṬalitman, Binah.
245 10$aʻIm Shemuʼel u-vene doro :$bḥoveret ʻavodah la-talmid /$cBinah Ṭalitman, Avivah Tirosh ; yoʻets madaʻi Avraham Kohen.
260 0 $aEven-Yehudah :$bD. Rekhes ;$aTel Aviv :$bYavneh,$c750, 1990.
300   $a151 p. :$bills. ;$c28 cm.
490 0 $aʻIm ha-Tanakh
630 00$aBible.$pSamuel$xStudy and teaching.
700 1 $aTirosh, Avivah.
700 1 $aKohen, Avraham.
752   $aIsrael$dEven Yehudah
752   $aIsrael$dTel Aviv
988   $a20020608
906   $0MH

