LEADER 01824cam a2200469 a 4500
001 002000086-3
005 20020606093309.7
008 850312m19729999ua h     b   f00110 arar 
010   $a   72960399 /NE/r89
020   $a9772013916 (v. 5)
020   $a9772015986 (v. 6)
020   $a9777356099 (v. 7)
020   $z977011427 (v. 8) :$c£E9.00
020   $z977014876 (v. 9)
020   $a9770115878 (v. 11)
020   $a9770120219 (v. 12 )
020   $z9770645975 (v. 13)
020   $z9771029003 (v. 14)
035 0 $aocm07809872
040   $aDLC$cDLC$dm.c.$dHLS
050 0 $aBP189.26$b.I262
100 0 $aIbn al-ʻArabī,$d1165-1240.
245 13$aal-Futūḥāt al-Makkīyah /$cMuḥyī al-Dīn ibn ʻArabī ; taḥqīq wa-taqdīm ʻUthmān Yaḥyá ; taṣdīr wa-murājaʻah Ibrāhīm Madkūr.
246 3 $aFutuhat al-Makiyya.
246 3 $aFutūḥāt al-Makkiyya.
260 0 $aal-Qāhirah :$bal-Hayʾah al-Miṣrīyah al-ʻĀmmah lil-Kitāb,$c1972-
300   $av. :$bfacsims. ;$c28 cm.
490 1 $aal-Maktabah al-ʻArabīyah ;$v124, 127, 153.$aal-Turāth ;$v27, 28, 32.$aTaṣawwuf ;$v1-2, 30
490 1 $av. 1-4: Monumenta Islamica classica
490 1 $av. 5- : Monumenta classica
500   $aTitle on added t.p. of v. 1: al-Futuhat al-Makiyya; of v. 2: al-Futuhat al-Makkiyya; of v. 3- : al-Futūḥāt al-Makkiyya.
500   $aIntroductions in Arabic and French.
500   $aVol. 12 has date on cover: 1989.
504   $aIncludes bibliographical references and indexes.
650  0$aSufism$xEarly works to 1800.
700 1 $aYaḥyá, ʻUthmān.
700 1 $aMadkūr, Ibrāhīm.
830  0$aMaktabah al-ʻArabīyah (Cairo, Egypt) ;$v124, etc.
830  0$aMonumenta Islamica classica.
830  0$aMonumenta classica.
988   $a20020608
906   $0DLC

