LEADER 00395nam a22001335u 4500
001 002000087-1
005 20020606093309.7
008 900925|1979    rur          |||||||rus|d
245 10$aIssledovaniia po matematicheskoi ekonomii i smezhnym voprosam /$cred. S.S. Shatalin.
260 0 $aMoskva :$bun-t,$c1979.
300   $a137 p.
700 1 $aShatalin, S. S.$q(Stanislav Sergeevich)
988   $a20020608
906   $0MH

