LEADER 00645nam a2200205Ia 4500
001 002000088-X
005 20020606093309.7
008 960628s1934    cs            000 0 cze d
035 0 $aocm35007213
040   $aUUS$cUUS$dHLS
041 0 $acze
100 1 $aStránský, Jaroslav,$d1884-
245 10$aStřezme si Československa /$cJaroslav Stránský.
246 1 $iTitle in English:$aLet us defend Czechoslovakia
260   $aPraha :$bNakladem Svazu národniho osvobozeni,$c1934.
300   $a42 p. ;$c18 cm.
440  0$aKnihovna Svazu národního osvobození ;$vsv. 97
650  0$aNationalism$zCzechoslovakia.
988   $a20020608
906   $0OCLC

