LEADER 01171nam a2200301Ia 4500
001 002000089-8
005 20020606093309.7
008 890412s1985    unr      b    001 0 rusod
020   $c0.35rub
035 0 $aocm19540132
040   $aIUL$cIUL$dHLS
050  4$aPA2057$b.L36 1985
090   $aPA2057$b.L36 1985
100 1 $aLapina, M. S.$q(Milit︠s︡a Sergeevna)
245 10$aLatinizmy v sovremennykh i︠a︡zykakh /$cM.S. Lapina, A.S. Kalinichenko, O.D. Feoktistova.
260   $aKiev :$b"Vishcha shkola",$c1985.
300   $a189, [2] p. ;$c20 cm.
500   $a"Dopushcheno ... dli︠a︡ studentov filologicheskikh fakultʹetov, universitetov i pedagogicheskikh institutov."
500   $aIncludes index.
504   $aBibliography: p. 189-[190]
650  0$aLatin language$xInfluence on foreign languages.
650  0$aLatin language$xHistory.
655  7$aHistory.$2fast
700 1 $aKalinichenko, A. S.
700 1 $aFeoktistova, O. D.$q(Olʹga Dmitrievna)
776 08$iOnline version:$aLapina, M.S. (Milit͡sa Sergeevna).$tLatinizmy v sovremennykh i͡azykakh.$dKiev : "Vishcha shkola", 1985$w(OCoLC)581376856
988   $a20020608
906   $0OCLC

