LEADER 01818cjm a2200325Ia 4500
001 002000090-1
005 20020606093309.7
008 910815s1990    xx zzn   d          bul d
028 02$a050046$bBalkanton
028 02$a50046$bBalkanton
035 0 $aocm24237834
040   $aOCP$cOCP$dOCL$dHMU
041 0 $dbul$ebulengfre
048   $avf01$aca
100 1 $aChristoff, Boris.
245 10$aBulgarian and Russian Orthodox chants$hsound recording.
260   $a[S.l.] :$bBalkanton ;$aNew York :$bDistributed by Qualiton Imports,$cp1990.
300   $a1 sound disc :$bdigital, stereo. ;$c4 3/4 in.
500   $aDistributor from label on container.
500   $aCompact disc.
500   $aTexts with English and French translations in container.
505 0 $aZhertva vechernyaya = Evening sacrifice / Chesnokov ; arr. by A. Konstantinov (5:10) -- Tebe poem = We hymn Thee, we bless Thee / Zinoviev (3:24) -- Blazhen mouzh - Blessed is the man / Kochetov (3:38) -- Hvalite imya Gospodne = Praise ye the name of God / D. Hristov ; arr. by A. Konstantinov (4:35) -- Razboinika blagorazoumnago = The judicious villain / P. Dinev (2:40) -- Veliko slavoslovie = The great glorification / Stroumski (11:03) -- Blazhen mouzh = Blessed is the man / Lyubimov ; arr. by A. Konstantinov (4:51) -- Nine otpoushtaeshi = Nunc dimittis / D. Hristov (3:35) -- Mnogaya leta = Grant, O Lord, many years / Bortnyansky (2:28).
511 0 $aBoris Christoff, bass ; Choir of the "Alexander Nevsky" Memorial Church, Sofia ; Angel Konstantinov, conductor.
610 20$aOrthodox Eastern Church$xLiturgy.
650  0$aChoruses, Sacred (Mixed voices), Unaccompanied.
700 1 $aKonstantinov, Angel.$4cnd
710 2 $aSv. Aleksandŭr Nevski khor.$4prf
710 2 $aOrthodox Eastern Church.
988   $a20020608
906   $0OCLC

