LEADER 00449nam a22001335u 4500
001 002000091-X
005 20020606093309.7
008 900925|1978    rur          |||||||rus|d
245 10$aSotsial'no-ekonomicheskoe soderzhanie NTR i ekonomicheskii mekhanizm ee osushchestvleniia v usloviiakh razvitogo sotsializma /$cM.P. Osad'ko.
260 0 $aMoskva :$bun-t,$c1978.
300   $a102 s.
700 1 $aOsadʹko, M. P.$q(Mikhail Petrovich)
988   $a20020608
906   $0MH

