LEADER 00584nam a2200193Ia 4500
001 002000092-8
005 20020606093309.7
008 900202s1984    rurac         000 1 rusod
035 0 $aocm20997142
040   $aUIU$cUIU$dHLS
041 1 $arus$hchv
090   $ax
100 1 $aEmelʹi͡anov, Anatoliĭ,$d1932-
245 10$aChernye gruzdi :$bpovestʹ i rasskazy /$cAnatoliĭ Emelʹi︠a︡nov ; perevod s chuvashskogo.
260   $aMoskva :$bSov. pisatelʹ,$c1984.
300   $a302 p. :$bill., port. ;$c21 cm.
500   $aTranslation of: Khura kărăś.
988   $a20020608
906   $0OCLC

