LEADER 01413pam a2200373 a 4500
001 002000093-6
005 20020606093309.7
008 900307s1990    enka     b    00110 eng  
010   $a   90033323 
020   $a0198229194
035 0 $aocm21328660
040   $aDLC$cDLC$dHLS
043   $ae-uk-en
050 00$aHV6548.G8$bE55 1990
060 00$a2008 K-646
060 10$aHV 6548.G8$bM135s 1990
082 00$a362.2/8/0941$220
100 1 $aMacDonald, Michael,$d1945-
245 10$aSleepless souls :$bsuicide in early modern England /$cMichael MacDonald, Terence R. Murphy.
260 0 $aOxford [England] :$bClarendon Press ;$aOxford ;$aNew York :$bOxford University Press,$c1990.
300   $axvi, 383 p. :$bill. ;$c22 cm.
440  0$aOxford studies in social history
504   $aIncludes bibliographical references (p. [367]-371) and index.
650  0$aSuicide$zEngland$xHistory.
651  0$aEngland$xSocial conditions.
650 12$aSuicide$zEngland$xHistory.
650 22$aHistory, Early Modern 1451-1600$zEngland.
650 22$aSocial Environment$zEngland.
650 22$aSocioeconomic Factors$zEngland.
655  7$aHistory.$2fast
700 1 $aMurphy, Terence R.
776 08$iOnline version:$aMacDonald, Michael, 1945-$tSleepless souls.$dOxford [England] : Clarendon Press ; Oxford ; New York : Oxford University Press, 1990$w(OCoLC)651846250
988   $a20020608
906   $0DLC

