LEADER 00934aam a2200277 a 4500
001 002000094-4
005 20020606093309.7
008 910114s1990    it ae    b    00010 ita  
010   $a   91104736 
020   $a8842202258 :$cL120000
035 0 $aocm23015566
040   $aDLC$cDLC$dMH-FA
043   $ae-it---
050 00$aNA7756.T826$bC47 1990
100 10$aCerri, Maria Grazia.
245 10$aPalazzo Carignano :$btre secoli di idee, progetti e realizzazioni /$cMaria Grazia Cerri.
260 0 $a[Torino] :$bU. Allemandi,$c[1990]
300   $a262 p. :$bill. (some col.), plans ;$c31 cm.
440  0$aArchivi di architettura
504   $aIncludes bibiliographical references (p. [261]-262).
600 10$aGuarini, Guarino,$d1624-1683.
610 20$aPalazzo Carignano (Turin, Italy)
651  0$aTurin (Italy)$xBuildings, structures, etc.
650  0$aArchitecture, Baroque$zItaly$zTurin.
988   $a20020608
906   $0DLC

