LEADER 01017nam a2200265 a 4500
001 002000095-2
005 20020606093309.7
008 870429s1985    unracf        000 0aruso 
010   $a   87136659 
035 0 $aocm18793278
040   $aDLC$cDLC$dUIU$dPIT$dHLS
043   $ae-ur---
050 00$aD764$b.B67 1985
100 1 $aBratchenko, Ivan.
245 10$aOgonʹ vedut "Kati︠u︡shi" /$cIvan Bratchenko.
260   $aKiev :$bIzd-vo polit. lit-ry Ukrainy,$c1985.
300   $a211 p., [8] p. of plates :$bill., ports. ;$c21 cm.
600 10$aBratchenko, Ivan.
610 10$aSoviet Union.$bSukhoputnye voĭska.$bRaketnye voĭska i artellerii︠a︡$vBiography.
650  0$aWorld War, 1939-1945$xCampaigns$zEastern Front.
650  0$aWorld War, 1939-1945$xPersonal narratives, Russian.
650  0$aSoldiers$zSoviet Union$vBiography.
776 08$iOnline version:$aBratchenko, Ivan.$tOgonʹ vedut "Kati͡ushi".$dKiev : Izd-vo polit. lit-ry Ukrainy, 1985$w(OCoLC)652428768
988   $a20020608
906   $0DLC

