LEADER 00376nam a22001335u 4500
001 002000096-0
005 20020606093309.7
008 900925|1982    yu           |||||||hrv|d
245 10$aKosovo :$bSocijalistička autonomna pokrajina Kosovo /$credaktor Velimir Tadić.
260 0 $aBeograd :$bNIGRO Borba,$c1982.
300   $a172 p.
700 1 $aTadić, Velimir.
988   $a20020608
906   $0MH

