LEADER 02260pam a2200301 a 4500
001 002000097-9
005 20050319121520.0
008 890324s1990    dcua     b    10000 eng  
010   $a   89006249 
020   $a0874744040
035 0 $aocm19516061
040   $aDLC$cDLC$dTOZ
050 00$aCC76.3$b.A74 1990
082 00$a930.1/028$220
245 04$aThe Archaeology of regions :$ba case for full-coverage survey /$cedited by Suzanne K. Fish and Stephen A. Kowalewski.
260 0 $aWashington, D.C. :$bSmithsonian Institution Press,$cc1990.
300   $axiv, 277 p. :$bill. ;$c24 cm.
440  0$aSmithsonian series in archaeological inquiry
500   $aOutcome of a symposium organized by the editors for the 1985 annual meeting of the Society for American Archaeology, held in Denver, Colo.
504   $aIncludes bibliographical references.
505 0 $aCritical reflections on a decade of full-coverage regional survey in the Valley of Mexico / Jeffrey R. Parsons -- Merits of full-coverage survey : examples from the Valley of Oaxaca, Mexico / Stephen A. Kowalewski -- Full-coverage regional archaeological survey in the Near East : an example from Iran / William M. Sumner -- Full-coverage survey in the lower Santa Valley : implications for regional settlement pattern studies on the Peruvian coast / David J. Wilson -- Insights from full-coverage survey in the Georgia Piedmont / Paul R. Fish and Thomas Gresham -- Intensive archaeological survey of Long House Valley, northeastern Arizona / Jeffrey S. Dean -- Analyzing regional agriculture : a Hohokam example / Suzanne K. Fish, Paul R. Fish and John H. Madsen -- Sampling versus full-coverage survey : an example from western Texas / Michael E. Whalen -- Comments on the case for full-coverage survey / Keith W. Kintigh -- Some thoughts on full coverage surveys / Fred Plog -- Toward refining concepts of full-coverage survey / George L. Cowgill.
650  0$aArchaeological surveying$vCongresses.
655  7$aConference proceedings.$2fast
700 1 $aFish, Suzanne K.
700 1 $aKowalewski, Stephen A.
776 08$iOnline version:$tArchaeology of regions.$dWashington, D.C. ; London : Smithsonian Institution Press, ©1990$w(OCoLC)551305947
988   $a20020608
906   $0DLC

