LEADER 01074aam a2200301 a 4500
001 002000098-7
005 20140128155119.0
008 910814s1990    enka          000 0 eng  
010   $a   91182919 
020   $a022402521X :$c£12.95
035 0 $aocm27066295
040   $aDLC$cDLC
043   $ae-uk-en
050 00$aHV8196.L6$bJ46 1990
082 00$a364.1/323/09421$220
245 10$aScotland Yard's cocaine connection /$cAndrew Jennings, Paul Lashmar, and Vyv Simson.
260 0 $aLondon :$bJ. Cape,$c1990.
300   $a200 p. :$bill. ;$c24cm.
500   $aA duplicate copy of this title was part of the Julio Mario Santo Domingo Collection, but was not retained.
600 10$aGarner, Roy.
600 10$aLundy, Tony.
610 10$aGreat Britain.$bMetropolitan Police Office.$bCriminal Investigation Department$xCorrupt practices.
650  0$aPolice corruption$zEngland$zLondon.
650  0$aDrug control$zEngland$zLondon.
650  0$aInformers$zEngland$zLondon.
710 2 $aJulio Mario Santo Domingo Collection.$5wid
988   $a20020608
906   $0DLC

