LEADER 00364nam a22001335u 4500
001 002000100-2
005 20020606093309.7
008 900925|1979    rur          |||||||rus|d
245 10$aVoprosy kommunisticheskogo vospitaniia molodezhi /$cred. Z.G. Pokrovskaia.
260 0 $aMoskva :$bun-t,$c1979.
300   $a158 p.
700 1 $aPokrovskaia, Z. G.
988   $a20020608
906   $0MH

