LEADER 00552nam a22001697a 4500
001 002000101-0
005 20020606093309.7
008 900925r19061990nyu     a     00010 eng d
035 0 $aocn232122035
110 1 $aNew York (N.Y.).$bPush-Cart Commission.
245 10$aReport of the Mayor's Push-Cart Commission.
260 0 $aNew York :$b[s.n.],$c1906.
300   $a233 :$b24 cm.
650  0$aHandcarts$zNew York (State)$zNew York.
830  0$aHarvard pre-1920 social history/business preservation microfilm project ;$v01678.$5mmf
988   $a20020608
906   $0MH

