LEADER 00654nam a22001811  4500
001 002000102-9
005 20020606093309.7
008 900925r19041990rur     a     00010 rus d
035 0 $aocn234334894
100 1 $aPetrażycki, Leon,$d1867-1931.
245 10$aO motivakh chelovi︠e︡cheskikh postupkov :$bv osobennosti ob ėticheskikh motivakh i ikh raznovidnosti︠a︡kh /$cL.I. Petrazhit︠s︡kīĭ.
246 3 $aO motivakh chelovecheskikh postupkov.
260 0 $aS.-Peterburg :$b[s.n.],$c1904.
300   $a75 p.
650  0$aLaw and ethics.
830  0$aHarvard Pre-Soviet law preservation microfilm project ;$v01433.$5mmf
988   $a20020608
906   $0MH

