LEADER 00622nam a2200181 a 4500
001 002000103-7
005 20020606093309.7
008 900925s1990    xxu      b    00010 eng d
035 0 $aocm76975521
100 1 $aGallagher, Michael David.
245 10$aStrategies for European Community convergence :$badjustment policies of a small, developing state /$cby Michael David Gallagher.
260 1 $c1990.
300   $a119 leaves ;$c29 cm.
502   $aThesis (A.B., Honors)--Harvard University, 1990.
504   $aIncludes bibliographical references.
610 20$aEuropean Economic Community$zIreland.
988   $a20020608
906   $0MH

