LEADER 00837cam a2200229I  4500
001 002000104-5
005 20020606093309.7
008 740912s1939    enk      b    00010 eng  
010   $a   40002872 
035 0 $aocm01005210
040   $aDLC$cKSU$dSER$dm.c.$dHLS
050 0 $aHN37.A6$bE45 1939
082   $a261
100 1 $aEliot, T. S.$q(Thomas Stearns),$d1888-1965
245 14$aThe idea of a Christian society /$cby T. S. Eliot.
260 0 $aLondon :$bFaber and Faber limited,$c[1939]
300   $a99 p.$c23 cm.
500   $a"Three lectures ... with some revision and division ... delivered in March 1939 at ... Corpus Christi college, Cambridge, on the Boutwood foundation"--Pref.
504   $aBibliographical references in "Notes" (p. 67-90)
650  0$aChristian sociology$xAnglican authors.
988   $a20020608
906   $0DLC

