LEADER 00478nam a22001697a 4500
001 002000105-3
005 20020606093309.7
008 900925s1976    cs            000|0 cze d
035 0 $aocn234340927
100 1 $aAlexander, P.
245 10$aPředpokládaný vývoj potřeb v oblasti kultury a jejich uspokojování /$cvypracoval P. Alexander.
260 0 $aPraha :$bÚVTEI,$c1976.
300   $a45 p.
650  0$aCulture.
650  0$aCulture$xForecasting.
988   $a20020608
906   $0MH

