LEADER 00633nam a22001817a 4500
001 002000107-X
005 20020606093309.7
008 880629r18941990fr      a     00010 fre d
035 0 $aocn237853691
035 0 $aocn236080658
100 1 $aBailliencourt, Jérôme-Benoît-Philogène de.
245 10$aItalie, 1852-1862, feuillets militaires /$csouvenirs, notes et correspondances du général de Bailliencourt.
260 0 $aParis :$bFirmin-Didot,$c1894.
300   $axii, 403 p. ;$c19 cm.
651  0$aItaly$xHistory$y1849-1870.
830  0$aHarvard Risorgimento preservation microfilm project ;$v01245.$5mmf
988   $a20020608
906   $0MH

