LEADER 01168nam a2200289Ia 4500
001 002000108-8
005 20020606093309.7
008 900126s1983    yu            000 0 hrv d
035 0 $aocm20960961
040   $aVA@$cVA@$dHLS
043   $ae-yu---
050  4$aHD8632$b.S332 1982
090   $aHD8632$b.S332 1982
110 2 $aSavez sindikata Jugoslavije.$bKongres$n(9th :$d1982 :$cBelgrade, Serbia)
245 10$aIX kongres Saveza sindikata Jugoslavije : dokumenta /$curednik Predrag Jeremić ; glavni i odgovorni urednik Čedo Maleš.
246 3 $a9. kongres Saveza sindikata Jugoslavije.
246 3 $aDeveti kongres Saveza sindikata Jugoslavije.
260   $aBeograd :$bRadnička štampa,$c1983.
300   $a144 p. ;$c24 cm.
500   $aIn Serbo-Croatian (Roman)
650  0$aLabor unions$zYugoslavia$xCongresses.
655  7$aConference proceedings.$2fast
700 1 $aJeremić, Predrag.
700 1 $aMaleš, Čedo.
776 08$iOnline version:$aSavez sindikata Jugoslavije. Kongres (9th : 1982 : Belgrade, Serbia).$tIX kongres Saveza sindikata Jugoslavije.$dBeograd : Radnička štampa, 1983$w(OCoLC)741943648
988   $a20020608
906   $0OCLC

