LEADER 00364nam a22001335u 4500
001 002000109-6
005 20020606093309.7
008 900925|1978    rur          |||||||rus|d
100 1 $aProkhorov, E. P.$q(Evgeniĭ Pavlovich)
245 10$aVvedenie v zhurnalistiku :$buchebno-metodicheskoe pos.
260 0 $aMoskva :$bun-t,$c1978.
300   $a109 s.
988   $a20020608
906   $0MH

