LEADER 01065nam a2200277 a 4500
001 002000110-X
005 20020606093309.7
008 890829s1985    unracf        000 0druso 
010   $a   87138123 
035 0 $aocm20352587
040   $aDLC$cDLC$dHLS
043   $ae-ur-un
050 0 $aD802.S752$bU38343 1985
100 1 $aGituli︠a︡r, I.$q(Ivan)
245 10$aO chem shelesti︠a︡t dubravy :$bpovestvovanie v dokumentakh i vospominanii︠a︡kh uchastnikov sobytiĭ /$cI. Gituli︠a︡r ; [literaturnai︠a︡ zapisʹ V. Dundukova].
260   $aKiev :$bIzd-vo polit. lit-ry Ukrainy,$c1985.
300   $a213 p., [16] p. of plates :$bill., ports. ;$c21 cm.
650  0$aWorld War, 1939-1945$xUnderground movements$zUkraine.
650  0$aWorld War, 1939-1945$xCampaigns$zUkraine$zZ︠H︡ytomyrsʹka oblastʹ.
650  0$aGuerrillas$zUkraine$vBiography.
651  0$aUkraine$xHistory$yGerman occupation, 1941-1944.
655  7$aBiography.$2fast
655  7$aHistory.$2fast
700 1 $aDundukov, V.$q(Valeriĭ)
988   $a20020608
906   $0DLC

