LEADER 00874aam a2200253 a 4500
001 002000111-8
005 20020606093309.7
008 910613s1990    enka     b    00010 eng  
010   $a   91161690 
020   $a1854090720
035 0 $aocm24545938
040   $aDLC$cDLC
043   $ae-uk---
050 00$aUD385.G7$bM37 1990
082 00$a355.8/24/0941$220
100 10$aMarkham, George.
245 10$aGuns of the Empire :$bfirearms of the British soldier, 1837-1987 /$cGeorge Markham.
260 0 $aLondon :$bArms and Armour Press ;$aNew York, NY :$bDistributed in the USA by Sterling Pub. Co.,$c1990.
300   $a159 p. :$bill. ;$c29 cm.
504   $aIncludes bibliographical references (p. 6).
610 10$aGreat Britain.$bArmy$xFirearms$xHistory$y19th century.
610 10$aGreat Britain.$bArmy$xFirearms$xHistory$y20th century.
988   $a20020608
906   $0DLC

