LEADER 01953nam a2200241K  4500
001 002000112-6
005 20080616113826.0
008 920707s1905    nyuac         000 0 eng d
035 0 $aocm26142249
040   $aNYP$cNYP$dHLS
110 2 $aSurvey.
245 14$aThe Negro in the cities of the North.
260   $aNew York,$bThe Charity Organization Society,$cc1905.
300   $a2 p. l., 96 p.$billus., plates.$c26 cm.
500   $aAt head of title: Charities Publication Committee.
500   $aReprint of Charities, October 7, 1905.
505 0 $aThe make-up of Negro city groups, by Lilian Brandt.--Emigration from the South - the women, by F. A. Kellor.--Some causes of Negro emigration - the men. by Carl Kelsey.--Should Negro business men go South, by B. T. Washington.--Kowaliga, a community with a purpose, by W. E. Benson.--The Negro home in New York, by M. W. Ovington.--The black vote of Philadelphia, by W. E. B. Du Bois.--Industrial conditions among Negro men; Boston, by John Daniels.--Social bonds in the black belt; Chicago, by F.B. Williams.--Some causes of criminality, by J. H. N. Waring.
505 0 $a(cont.) Negro dependence in Baltimore, by H. B. Pendleton.--The Negro to-day in music, by J. W. Johnson.--Some mission sketches.--Social settlement in Washington, by S. C. Fernandis.--The Negro press in America, by L. M. Hershaw.--The Negro in times of industrial unrest, by R. R. Wright.--In the day's work of the visiting nurse, by J. C. Sleet.--The church and its social work, St. Mark's, by M. K. Griffin.--The school as a social center, by W. L. Bulkley.--Court studies from life, by L. F. Friday.--Children of the circle, by H. T. Emerson.--Manual training for Negro children, by D. E. Gordon.
505 0 $a(cont.) The Negro and the demands of modern life, by Franz Boas.--The country at large, by T. J. Jones.
650  0$aAfrican Americans$xSocial conditions.
740 0 $aCharities.
988   $a20020608
906   $0OCLC

