LEADER 00946cam a22002658a 4500
001 002000113-4
005 20020606093309.7
008 891025s1990    enka     b    00110 eng  
010   $a   89029697 
020   $a019852224X :$c$40.75
035 0 $aocm20669833
040   $aDLC$cDLC$dCLS
050 00$aQA280$b.T597 1990
082 00$a519.5/5$220
100 1 $aTong, Howell.
245 10$aNon-linear time series :$ba dynamical system approach /$cHowell Tong.
260 0 $aOxford ;$aNew York :$bOxford University Press,$c1990.
300   $axvi, 564 p. :$bill. ;$c24 cm.
440  0$aOxford statistical science series ;$v6
504   $aIncludes bibliographical references and index.
650  0$aTime-series analysis.
650  0$aNonlinear theories.
776 08$iOnline version:$aTong, Howell.$tNon-linear time series.$dOxford : Clarendon Press ; New York : Oxford University Press, 1990$w(OCoLC)899704875
988   $a20020608
906   $0DLC

