LEADER 00626nam a2200205 a 4500
001 002000114-2
005 20020606093309.7
008 900925s1965    le       b    000|0bara d
035 0 $aocm47928248
100 1 $aKaʻdān, Bashīr.
245 10$aTabriʾah :$bqaḍīyah siyāsīyah /$cnassaqahu wa-ʻallaqa alayhi Bashī Kaʻdān.
250   $aal-Ṭabʻah 1.
260   $aDimashq :$bDār al-Jumhūr,$c1965.
300   $a252 p. ;$c21 cm.
504   $aIncludes bibliographical references (p. 252).
650  0$aJudaism$xRelations$xChristianity.
650  0$aZionism.
752   $aSyria$dDamascus.
988   $a20020608
906   $0MH

