LEADER 01225pam a2200337 a 4500
001 002000115-0
005 20020606093309.7
008 910410s1990    enka     b    100 0 eng d
010   $agb 90039918 
015   $aGB90-39918
020   $a1855290324 :$c£9.95
035 0 $aocm22241288
040   $aUKM$cUKM$dHLS
043   $ad------
050 14$aHD7361.D
082 04$a363.5091724$220
245 00$aHousing and income in Third World urban development /$ceditors Mulkh Raj, Peter Nientied.
260   $aLondon :$bAspect,$cc1990.
300   $avi, 194 p. :$bill. ;$c25 cm.
500   $aSelected papers presented at an international seminar. New Delhi.
504   $aIncludes bibliographical references.
650  0$aInformal sector (Economics)$zDeveloping countries$vCongresses.
650  0$aIncome$zDeveloping countries$vCongresses.
650  0$aLow-income housing$zDeveloping countries$vCongresses.
651  0$aDeveloping countries$xHousing.
650  0$aHousing$zIndia$zDelhi.
700 0 $aMulkh Raj.
700 1 $aNientied, P.$q(Peter)
776 08$iOnline version:$tHousing and income in Third World urban development.$dLondon : Aspect, ©1990$w(OCoLC)645809226
988   $a20020608
906   $0OCLC

