LEADER 01001cam a2200313 a 4500
001 002000116-9
005 20020606093309.7
008 880224s1981    pl       b    00010 pol d
020   $a8320533236
035 0 $aocm18091283
035 1 $aCTYG88B6963
040   $aCtY$cCtY
043   $ae-pl---
050  4$aHD1536.P6$bM37
090   $aHD1493.P6$bM37 (LC)
100 10$aMasiukiewicz, Leszek.
245 10$aProblemy społeczno-zawodowe robotników PGR /$cLeszek Masiukiewicz.
250   $aWyd. 1.
260 0 $aWarszawa :$bLudowa Spółdzielnia Wydawnicza,$c1981.
300   $a125 p. ;$c20 cm.
504   $aBibliography: p. 117-[124]
650  0$aState farms$xSocial aspects$zPoland.
650  0$aAgricultural laborers$zPoland.
650  0$aLabor laws and legislation$zPoland.
650  0$aAgricultural laborers$zPoland$zSłupsk Region.
650  0$aManpower policy, Rural$zPoland$zSłupsk Region.
650  0$aState farms$zPoland$zSłupsk Region.
988   $a20020608
906   $0RLIN

