LEADER 00337nam a22001455u 4500
001 002000117-7
005 20020606093309.7
008 900925|1981    pl           |||||||pol|d
100 1 $aSkwara, Janusz.
245 10$aKino szoku przyszłości.
250   $aWyd. 1.
260 0 $aWarszawa :$bMAW,$c1981.
300   $a212 p.
988   $a20020608
906   $0MH

