LEADER 00742nam a2200205 a 4500
001 002000118-5
005 20020606093309.7
008 900925s1990    xxu      b    00010 eng d
035 0 $aocm76975522
100 1 $aGantz, Julie Loraine.
245 14$aThe two Will Barretts :$bdefeating "death-in-life" in Walker Percy's The last gentleman and The second coming /$cJulie Loraine Gantz.
260 1 $c1990.
300   $a65 leaves ;$c29 cm.
502   $aThesis (A.B., Honors)--Harvard University, 1990.
504   $aIncludes bibliographical references.
600 10$aPercy, Walker,$d1916-$xCharacters$xWill Barrett.
600 10$aPercy, Walker,$d1916-$tLast gentleman.
600 10$aPercy, Walker,$d1916-$tSecond coming.
988   $a20020608
906   $0MH

