LEADER 01477cam a2200349 a 4500
001 002000119-3
005 20020606093309.7
008 890908s1990    dcuabf        00010aeng  
010   $a   89027434 
020   $a0878404945 :$c$17.95
035 0 $aocm20422817
040   $aDLC$cDLC$dTOZ
043   $an-us-ak
050 00$aE99.E7$bL565 1990
082 00$a266/.2/092$aB$220
100 1 $aLlorente, Segundo.
245 10$aMemoirs of a Yukon priest /$cSegundo Llorente.
260 0 $aWashington, D.C. :$bGeorgetown University Press,$cc1990.
300   $axii, 223 p., [6] p. of plates :$bill., map ;$c24 cm.
520   $aFather Segundo Llorente, a Jesuit priest from Spain, spent forty years in Alaska between 1935-1975. He served two terms in the state legislature.
600 10$aLlorente, Segundo.
610 20$aCatholic Church$xMissions$zAlaska.
610 20$aJesuits$xMissions$zAlaska.
650  0$aMissionaries$zAlaska$vBiography.
650  0$aEskimos$xMissions$zAlaska.
610 20$aJesuits$xMissions$zYukon River Region (Yukon and Alaska)
610 20$aCatholic Church$xMissions$zYukon River Region (Yukon and Alaska)
650  0$aEskimos$xMissions$zYukon River Region (Yukon and Alaska)
650  0$aMissionaries$zYukon River Region (Yukon and Alaska)$vBiography.
776 08$iOnline version:$aLlorente, Segundo.$tMemoirs of a Yukon priest.$dWashington, D.C. : Georgetown University Press, ©1990$w(OCoLC)645070049
988   $a20020608
906   $0DLC

