LEADER 01056pam a2200325 a 4500
001 002000120-7
005 20020606093309.7
008 900801s1990    enka          00010 eng d
010   $agb 90003366 $z   89255549 
015   $aGB90-3366
020   $a019217777X :$c£14.95
035 0 $aocm20595272
035 0 $aocm20725473
040   $aUKM$cUKM$dCLS
050 14$aQA95
082 04$a793.74$220
100 1 $aApSimon, Hugh.
245 10$aMore mathematical byways /$cHugh ApSimon.
260 0 $aOxford ;$aNew York :$bOxford University Press,$c1990.
300   $a131 p. :$bill. ;$c23 cm.
490 1 $aRecreations in mathematics ;$v7
504   $aIncludes bibliographical references.
505 1 $a2. 1990.
650  0$aMathematical recreations.
650  0$aPuzzles.
653   $aMathematical puzzles
776 08$iOnline version:$aApSimon, Hugh.$tMore mathematical byways.$dOxford [England] ; New York : Oxford University Press, 1990$w(OCoLC)625134172
830  0$aRecreations in mathematics ;$vno. 7.
988   $a20020608
906   $0OCLC

