LEADER 00367nam a22001335u 4500
001 002000121-5
005 20020606093309.7
008 900925|1894    cs           |||||||cze|d
100 1 $aHostinský, Otakar,$d1847-1910.
245 10$aČtyři rozpravy :$bo kulturním významu umění ....
260 0 $aV Praze :$bF. Šimáček,$c1894.
300   $a107 p.
988   $a20020608
906   $0MH

