LEADER 00618pam a2200241 a 4500
001 002000122-3
005 20020606093309.7
008 910228s1990    enk           001 0 eng d
010   $agb 90038411 
015   $aGB90-38411
020   $a0851775586 :$c£25.00
035 0 $aocm22181733
040   $aUKM$cUKM$dHLS
082 04$a623.82509$220
090   $ax
100 1 $aMarshall, I. H.$q(Ian H.)
245 10$aArmored ships /$cpaintings and text by Ian Marshall.
260   $bConway Maritime Press,$c1990.
300   $a180 p.
650  0$aWarships.
653   $aWarships$aHistory
988   $a20020608
906   $0OCLC

