LEADER 00338nam a22001455u 4500
001 002000123-1
005 20020606093309.7
008 900925|1981    pl           |||||||pol|d
100 1 $aNawrot, Jacek.
245 10$aJutro pokazówa.
250   $aWyd. 1.
260 0 $aWarszawa :$bNasza Ksie̦g.,$c1981.
300   $a194 p.
988   $a20020608
906   $0MH

