LEADER 00924cam a2200277Ia 4500
001 002000124-X
005 20020606093309.7
008 840224s1980    rura          000 0 rus d
020   $c1.00rub
035 0 $aocm10455109
040   $aLCI$cLCI$dm/c$dHLS
043   $ae-ur---
050  4$aHF5548.2$b.I8 1980
090   $aHF5548.2$b.I8 1980
100 1 $aIsakov, Vasiliĭ Ivanovich.
245 10$aMashinnai︠a︡ obrabotka ėkonomicheskoĭ informat︠s︡ii v promyshlennosti /$cV.I. Isakov, E.P. Koroleva, N.A. Latushko.
260   $aMoskva :$b"Statistika",$c1980.
300   $a319 p. :$bill. ;$c22 cm.
650  0$aComputers$zSoviet Union.
650  0$aElectronic data processing$zSoviet Union.
651  0$aSoviet Union$xData processing.
651  0$aSoviet Union$xComputers.
700 1 $aKoroleva, E. L.$q(Elena Petrovna)
700 1 $aLatushko, N. A.$q(Nina Aleksandrovna)
988   $a20020608
906   $0OCLC

