LEADER 00434nam a22001575u 4500
001 002000125-8
005 20020606093309.7
008 900925|1981    pl           |||||||pol|d
100 1 $aFilipiak, Bolesław.
245 10$aIntegracja działalności rozwojowej w gospodarce narodowej :$baspekty ekonomiczne.
250   $aWyd. 1.
260 0 $aWarszawa :$bPWN,$c1981.
300   $a263.
440  0$aMonografie i studia
988   $a20020608
906   $0MH

