LEADER 00842pam a2200265 a 4500
001 002000126-6
005 20020606093309.7
008 910424s1990    enk           000 0 eng d
010   $agb 90039914 
015   $aGB90-39914
020   $a185529057X :$c£8.95
035 0 $aocm22241280
040   $aUKM$cUKM$dHLS
041 1 $aeng$hfre
082 04$a363.58560944$220
090   $ax
130 0 $aMaitrise d'ouvrage du logement social en France.$lEnglish.
245 10$aUrban public housing management :$bthe French experience /$cA. Cancellieri ... [et al.] ; translator Anne Basile.
260   $aLondon :$bAspect,$c1990.
300   $avi, 142 p. ;$c25 cm.
500   $aTranslated from: Maitrise d'ouvrage du logement social en France.
650  0$aPublic housing$zFrance.
700 1 $aCancellieri, A.
988   $a20020608
906   $0OCLC

