LEADER 00715cam a2200217 a 4500
001 002000127-4
005 20030206131222.0
008 870602s1910    nyua          001 0 eng d
035 0 $aocm15797161
040   $aSMI$cSMI$dHBS
050  4$aHF5429.3$b.B98 1910
245 00$aSuccess in retailing :$bthe variety business : a handbook for earnest beginners in merchandising.
246 3 $aVariety business
260   $aNew York :$bButler Brothers,$c1910.
300   $a221 p. :$bill. ;$c23 cm.
500   $aIncludes index.
650  0$aRetail trade.
710 2 $aButler Brothers (Firm)
830  0$aHarvard pre-1920 social history/business preservation microfilm project ;$v1679.$5mmf
988   $a20020608
906   $0OCLC

