LEADER 00648nam a2200157 a 4500
001 002000128-2
005 20020606093309.7
008 900925s1965    le a          000|0 ara d
100 1 $aTawtal, Firdīnān.
245 10$aWathāʾiq tārīkhīyah ʻan Bayrūt :$bJamʻīyat al-ʻummāl wa-mā ilayhā, 1863-1963 : wa-huwa al-kitāb al-dhahabī li-Akhawīyat al-Umm al-Ḥazīnah /$cFirdīnān Tawtal al-Yasūʻī.
246 14$aTidhkār al-miʾawī li-Akhawīyat al-Umm al-Ḥazīnah, Bayrūt
260   $aBayrūt :$bal-Maṭbaʻah al-Kāthūlīkīyah,$c[1965]
300   $a129 p. :$bports. ;$c25 cm.
752   $aLebanon$dBeirut.
988   $a20020608
906   $0MH

