LEADER 00657nam a22001937a 4500
001 002000129-0
005 20020606093309.7
008 880629r18591990enk     a     00010 eng d
035 0 $aocn237853695
035 0 $aocn236080662
100 1 $aMalmesbury, James Howard Harris,$c3d Earl of,$d1807-1889.
245 10$aOfficial correspondence on the Italian question /$cby the Earl of Malmesbury.
260 0 $aLondon :$bHarrison,$c1859.
300   $axix, 500 p. ;$c18 cm.
610 10$aGreat Britain.$bForeign Office.
651  0$aItaly$xHistory$y1815-1870.
830  0$aHarvard Risorgimento preservation microfilm project ;$v01246.$5mmf
988   $a20020608
906   $0MH

