LEADER 00595nam a22001577a 4500
001 002000130-4
005 20020606093309.7
008 900925s1920    cs            000|0 cze d
245 10$aProsincová stávka :$broztržka strany; osudný 9. prosinec 1920; prohlášení stávky; persekuce; velezrada /$cnaps. redaktoři Rudého práva.
260 0 $aPraha :$bNákl. tiskového výboru Československé soc.dem. strany dělnické,$c[1920]
300   $a31 p. ;$c19 cm.
650  0$aWorking class$xPolitical activity.
650  0$aLabor$zCzechoslovakia.
710 1 $aRudé právo.
988   $a20020608
906   $0MH

