LEADER 01030cam a2200277 a 4500
001 002000131-2
005 20020606093309.7
008 870424s1985    unr      b    00100 ruso 
010   $a   87135055 
020   $c2.50rub
035 0 $aocm16522965
035 1 $aDCLC87135055B
043   $ae-ur---
050 0 $aB809.82.S65$bF66 1985
245 00$aFormirovanie dialektiko-materialisticheskogo mirovozzrenii︠a︡ :$bv prot︠s︡esse prepodavanii︠a︡ estestvennykh nauk /$c[otvetstvennye redaktory D.A. Zhdanov, V.F. Lobas].
260 0 $aKiev :$bGol. izd-vo izdatelʹskogo obʺedinenii︠a︡ "Vyshcha shkola",$c1985.
300   $a218 p. ;$c21 cm.
500   $aIncludes index.
504   $aBibliography: p. 203-[215].
650  0$aDialectical materialism$xStudy and teaching (Higher)$zSoviet Union.
650  0$aScience$xStudy and teaching (Higher)$zSoviet Union.
650  0$aPhilosophy and science$zSoviet Union.
700 1 $aZhdanov, D. A.
700 1 $aLobas, Vladimir Fomich.
988   $a20020608
906   $0RLIN

