LEADER 01703cam a22003618a 4500
001 002000132-0
005 20020606093309.7
008 891226r19901949nmuaf    b   s00110beng  
010   $a   89078224 
020   $a0826300073
035 0 $aocm20931194
040   $aDLC$cDLC$dTOZ
043   $an-ust--$ae-sp---
050 00$aE125.V3$bB6 1990
082 00$a979/.01/092$aB$220
100 1 $aBolton, Herbert Eugene,$d1870-1953.
240 10$aCoronado on the turquoise trail, knight of pueblos and plains
245 10$aCoronado, knight of pueblos and plains /$cHerbert E. Bolton.
260 0 $aAlbuquerque :$bUniversity of New Mexico Press,$cc1990.
300   $axxix, 491 p., [4] leaves of plates :$bill. ;$c23 cm.
500   $aReprint. Originally published: Coronado on the turquoise trail, knight of pueblos and plains. Albuquerque : University of New Mexico Press, 1949. Originally published in series: Coronado cuarto centennial publications, 1540-1940 ; v. 1.
504   $aIncludes bibliographical references.
600 10$aCoronado, Francisco Vásquez de,$d1510-1554.
650  0$aExplorers$zSouthwest, New$vBiography.
650  0$aExplorers$zSpain$vBiography.
650  0$aSpaniards$zSouthwest, New$xHistory$y16th century.
651  0$aSouthwest, New$xDiscovery and exploration.
651  0$aSouthwest, New$xHistory$yTo 1848.
655  7$aBiography.$2fast
655  7$aHistory.$2fast
776 08$iOnline version:$aBolton, Herbert Eugene, 1870-1953.$sCoronado on the turquoise trail, knight of pueblos and plains.$tCoronado, knight of pueblos and plains.$b4th pbk. ed.$dAlbuquerque : University of New Mexico Press, ©1990$w(OCoLC)639371830
988   $a20020608
906   $0DLC

