LEADER 00740nam a2200241 a 4500
001 002000133-9
005 20020606093309.7
008 840525s1979    is            000 0 ruso 
010   $a   83462043 
035 0 $aocm10876638
035 0 $aocm10876638$zocm06662409
040   $aDLC$cDLC$dm/c$dHLS
043   $ae-ur---
050 0 $aHV8959.S65$bM37 1979
100 1 $aMarkman, Vladimir.
245 10$aNa krai︠u︡ geografii /$cVladimir Markman.
260   $a[Israel?] :$bMoskva--Ierusalim,$c1979.
300   $a146 p. ;$c17 cm.
650  0$aPolitical prisoners$zSoviet Union$xPsychology.
650  0$aConcentration camps$zSoviet Union$xPsychological aspects.
650  0$aPrison violence$zSoviet Union.
988   $a20020608
906   $0DLC

