LEADER 00618nam a2200205Ia 4500
001 002000134-7
005 20020606093309.7
008 880615s1981    pl            000 0 pol d
035 0 $aocm18091020
040   $aOSU$cOSU$dHLS
090   $aDK4600.G445$bK87
100 1 $aKur, Tadeusz.
245 10$aPróżna fatyga kata w Gdansku /$cTadeusz Kur.
250   $aWyd. 1.
260   $aWarszawa :$bKrajowa Agencja Wydawnicza,$c1981.
300   $a262 p., [32] p. of plates :$bill., maps, plans, ports. ;$c17 cm.
651  0$aPomerelia (Poland)$xHistory.
651  0$aGdańsk (Poland)$xHistory.
988   $a20020608
906   $0OCLC

