LEADER 00660nam a22001937u 4500
001 002000135-5
005 20020606093309.7
008 900925|1990    is           |||||||heb|d
035 0 $aocm22924815
100 1 $aZielberman, Iona.
245 10$aSefer ha-Lo-lo :$bani shomer ʻal zekhuti le-hagid lo /$cYonah Zilberman ; [yiʻuts psikhologi Dani Maṭos] ; iyurim ṿe-ʻitsuv Sṭudyo Ḥayim Ron.
260 0 $aTel Aviv :$bYavneh,$c751, 1990.
300   $a72 p. :$bills. ;$c28 cm.
650  0$aChild abuse$xPrevention$xJuvenile literature.
700 1 $aMaṭos, Dani.
710 2 $aSṭudyo Ḥayim Ron.
752   $aIsrael$dTel Aviv
988   $a20020608
906   $0MH

