LEADER 00348nam a22001455u 4500
001 002000136-3
005 20020606093309.7
008 900925|1990    fi           |||||||fin|d
020   $a9517491387
100 1 $aPohjanen, Bengt,$d1944-
245 10$aKonin hinta :$bromaani.
260 0 $aOulu :$bPohjoinen,$c1990.
300   $a183 p.
988   $a20020608
906   $0MH

