LEADER 00985pam a2200277 a 4500
001 002000137-1
005 20020606093309.7
008 900207s1990    enka     b    10100 eng  
010   $a   90001471 
020   $a0521391377
020   $a0521398185 (pbk.)
035 0 $aocm21046687
035 0 $aocm21116708
040   $aDLC$cDLC$dCLS
050 00$aGF3$b.E17 1990
082 00$a304.2$220
245 04$aThe Earth in transition :$bpatterns and processes of biotic impoverishment /$cedited by George M. Woodwell.
260 0 $aCambridge [England] ;$aNew York :$bCambridge University Press,$c1990.
300   $axiv, 530 p. :$bill. ;$c25 cm.
500   $a"Based on contributions to a conference arranged by the Woods Hole Research Center, Massachusetts, October, 1986."
504   $aIncludes bibliographical references and indexes.
650  0$aHuman ecology$vCongresses.
650  0$aBiotic communities$vCongresses.
700 1 $aWoodwell, G. M.
988   $a20020608
906   $0DLC

