LEADER 00745nam a2200241Ia 4500
001 002000138-X
005 20020606093309.7
008 880312s1981    pl            000 0 gerod
020   $a8321602150
035 0 $aocm17622999
040   $aUIU$cUIU$dHLS
043   $ae-gw---
090   $ax
100 1 $aHonsza, Norbert.
245 10$aOblicza kompromisu :$bliteratura i kultura RFN lat siedemdziesiątych /$cNorbert Honsza, Bernard Wengerek.
260   $aKatowice :$bSląsk,$c1981.
300   $a158 p. ;$c21 cm.
650  0$aGerman literature$zGermany (West)$xHistory and criticism.
650  0$aMotion pictures$zGermany (West)
651  0$aGermany (West)$xIntellectual life.
700 1 $aWengerek, Bernard.
988   $a20020608
906   $0OCLC

