LEADER 01131cam a2200277 a 4500
001 002000139-8
005 20020606093309.7
008 860808s1979    tar      d    000 0 ruso 
010   $a   84246105 /NE/r90
035 0 $aocm14213122
040   $aDLC$cDLC$dHLS
041 0 $arustaj
050 00$aPG2693$b.K48 1979
100 1 $aKholmatova, S. D.$q(Sanavbar Dadadzhanovna)
245 10$aLughati ikhtisoroti rusī va tojikī /$cS.D. Kholmatova.
246 3 $aSlovarʹ russkikh i tadzhikskikh sokrashcheniĭ.
260   $aDushanbe :$bNashriëti "Donish",$c1979.
300   $a281 p. ;$c17 cm.
500   $aRussian and Tajik.
500   $aTitle on added t.p.: Slovarʹ russkikh i tadzhikskikh sokrashcheniĭ.
500   $aAt head of title: Akademii︠a︡i fanḣoi RSS Tojikiston. Instituti zabon va adabiëti ba nomi Rūdakī.
650  0$aAbbreviations, Russian$xDictionaries$xTajik.
650  0$aAbbreviations, Russian.
776 08$iOnline version:$aKholmatova, S.D. (Sanavbar Dadadzhanovna).$tLughati ikhtisoroti rusī va tojikī.$dDushanbe : Nashriëti "Donish", 1979$w(OCoLC)732995641
988   $a20020608
906   $0DLC

