LEADER 00416nam a22001455u 4500
001 002000140-1
005 20020606093309.7
008 900925|1982    pl           |||||||pol|d
245 10$aTematy :$bIII Toruński Almanach Literacki /$czespół red. ... Z. Wróbel (przew.) ... et al.
250   $aWyd. 1.
260 0 $aŁódź :$bWŁ,$c1982.
300   $a286 p.
700 1 $aWróbel, Zdzisław,$d1925-
988   $a20020608
906   $0MH

