LEADER 00940nam a2200265Ia 4500
001 002000141-X
005 20020606093309.7
008 830721s1980    yu af    c    000 0 srp d
035 0 $aocm12979029
035 0 $aocm09725184
040   $aWAU$cWAU$dm/c$dHLS
041 0 $asrpeng
043   $aa-yu---
090   $aND3235.Y82$bS4 1980
110 2 $aNarodna biblioteka (Serbia)
245 10$aKatalog izložbe kopija ornamentike srpskih srednjovekovnih ćiriličnih rukopisa XIII-XVI veka /$cLjupka Vasiljev.
260   $aBeograd :$bNarodna Biblioteka Srpije,$c1980.
300   $a[26] p., 125 p. of plates :$bill. ;$c30 cm.
500   $aIntroduction in Serbian and English.
500   $aIn Serbo-Croatian (Cyrillic)
650  0$aIllumination of books and manuscripts, Serbian$vCatalogs.
650  0$aIllumination of books and manuscripts$zYugoslavia$zSerbia$vCatalogs.
700 1 $aVasiljev, Ljupka.
988   $a20020608
906   $0OCLC

