LEADER 00931nam a2200241 a 4500
001 002000142-8
005 20020606093309.7
008 890522m19889999jo            00010 arar 
010   $a   88964837 /NE
020   $c$11.80 (U.S. : juzʼ 1)
035 0 $aocm19614522
040   $aDLC$cDLC$dHLS
050 0 $aBP135.A128$bS49 1988
100 1 $aShinqīṭī, Muḥammad al-Khaḍir al-Jakanī,$d-1935.
245 10$aKawthar al-maʻānī al-darārī fī kashf khabāyā Ṣaḥīḥ al-Bukhārī /$ctaʼlīf Muḥammad al-Khiḍr al-Jakanī al-Shinqīṭī.
250   $aal-Ṭabʻah 1.
260 0 $aʻAmmān :$bDār al-Bashīr,$c1988-
300   $av. ;$c25 cm.
600 10$aBukhārī, Muḥammad ibn Ismāʻīl,$d810-870.$tJāmiʻ al-ṣaḥīḥ.
650  0$aHadith$xCriticism, interpretation, etc.
700 12$aBukhārī, Muḥammad ibn Ismāʻīl,$d810-870.$tJāmiʻ al- ṣaḥīḥ.$f1988.
988   $a20020608
906   $0DLC

