LEADER 00354nam a22001455u 4500
001 002000143-6
005 20020606093309.7
008 900925|1990    fi           |||||||fin|d
020   $a9517491336
100 1 $aHägglund, Tor-Björn.
245 10$aUuteen kairaan :$bkertomuksia.
260 0 $aOulu :$bPohjoinen,$c1990.
300   $a120 p.
988   $a20020608
906   $0MH

