LEADER 00624nam a22002297a 4500
001 002000144-4
005 20020606093309.7
008 821013s1980    xx            000 0 ruso 
010   $a   82219206 
020   $c1.60rub
035 0 $aocm10290400
035 0 $aocm17080337
040   $aDLC$cDLC$dHLS
043   $ae-urw--
050  4$aDK771.T96$bT5 1980
090   $ax
245 10$aTi︠u︡menskie klady :$bocherki i povestʹ /$c[sostavitelʹ V.D. Shaposhnikova].
260   $aMoskva :$bSov. pisatelʹ,$c1980.
300   $a414 p. ;$c21 cm.
651  0$aTi͡umenskai͡a oblastʹ (Russia)
988   $a20020608
906   $0DLC

