LEADER 00389nas a22001572  4500
001 002000145-2
005 20020606093309.7
008 880629d19591964gw || m|||||||||||||ger d
022   $a0408-2923
035 0 $aocm01519094
245 04$aDie baltische Bücherei.
260 00$aHannover-Döhren.
362 0 $aBd.1-16; 1959-1964
690  9$aBaltic States$xPeriodicals.$5wid
988   $a20020608
906   $0MH

