LEADER 00712nam a22002057  4500
001 002000146-0
005 20020606093309.7
008 981101r19791940xr            000 0 cze d
035 0 $aocm41946252
100 1 $aBartys, Matěj,$d1693-1770.
245 10$aPraha rozkoše zahrada;$bkázani svatojanské /$cz barokového tisku vydal a poznámkami opatřil Vilém Bitnar.
246 0 $aRuže nád potoku vod vsazená
260   $aPraha,$bEdice Jitra,$c1979.
300   $a23 p.$bfacsim.
490 0 $aEdice Jitra
500   $aFirst issued in 1730 under the title: Ruže nad potoky vod vsazená.
600 00$aJohn,$cof Nepomuk, Saint,$dapproximately 1340-1393.
700 1 $aBitnar, Vilém.
988   $a20020608
906   $0MH

