LEADER 00861cam a2200265Ia 4500
001 002000147-9
005 20020606093309.7
008 910612s1990    enka     b    000 0 eng d
010   $agb 90036725 
015   $aGB90-36725
020   $a1855092190 :$c£19.95 : CIP confirmed
035 0 $aocm22002086
040   $aUKM$cUKM$dVPL$dHLS
050 14$aTL617
082 04$a629.1332209$220
100 1 $aIggulden, David,$d1949-
245 10$aHot air ballooning /$cDavid Iggulden ; foreword by Richard Branson and Per Lindstrand.
260   $aSparkford, Nr Yeovil :$bOxford Illustrated Press/Haynes Publishing Group,$cc1990.
300   $a169 p. :$bcol. ill. ;$c30 cm.
504   $aIncludes bibliographical references.
650  0$aHot air balloons$xHistory.
650  0$aBallooning.
653   $aBalloons (Aircraft)$aHistory
988   $a20020608
906   $0OCLC

