LEADER 00467cam a2200181Ia 4500
001 002000148-7
005 20020606093309.7
008 920513s1990    fi            000 1 fin d
020   $a9511114565
035 0 $aocm25808170
040   $aCLE$cCLE$dWAU$dHLS
090   $aPH355.H8$bK37 1990
100 1 $aHuovinen, Veikko.
245 10$aKasinomies Tom /$cVeikko Huovinen.
260   $aHelsingissä :$bOtava,$c1990.
300   $a151 p. ;$c21 cm.
988   $a20020608
906   $0OCLC

