LEADER 00444nam a2200145 a 4500
001 002000149-5
005 20020606093309.7
008 900925s1968    le            000|p ara d
100 1 $aḤarb, Aḥmad Yūsuf.
245 10$aBudūr al-fann wa-al-tārīkh :$bal-hadīth wa-al-qadīm /$cAḥmad Yūsuf Ḥarb.
260   $aSaḥmar al-Biqāʻ :$bMaṭbaʻat Ṣūr,$c1968.
300   $a42 p. ;$c22 cm.
650  0$aArabic poetry.
988   $a20020608
906   $0MH

