LEADER 00359nam a22001455  4500
001 002000150-9
005 20020606093309.7
008 900925s1964    gw           |||||||ger|d
035 0 $aocn236080666
100 1 $aGehnert, Helen.
245 10$aBaltische märchen.
260 0 $aHannover-Döhren :$bHarro Von Hirschheydt,$c1964.
300   $a2v.
988   $a20020608
906   $0MH

