LEADER 00749nam a2200229Ia 4500
001 002000151-7
005 20020606093309.7
008 910627s1990    sp       b    000 0 spa d
020   $a8400070410
020   $a8400070429 (ed. inglesa)
035 0 $aocm24001066
040   $aCUY$cCUY$dHLS
090   $aHM22.S72$bS63 1990
245 00$aSociología en España /$cLuis Moreno, Salvador Giner, compiladores.
260   $aMadrid :$bConsejo Superior de Investigaciones Cientificas, Instituto de Estudios Sociales Avanzados,$c1990.
300   $a400 p. ;$c25 cm.
504   $aIncludes bibliographical references.
650  0$aSociology$zSpain.
700 1 $aGiner, Salvador.
700 2 $aMoreno Fernández, Luis Miguel.
988   $a20020608
906   $0OCLC

