LEADER 00840nam a22001935u 4500
001 002000152-5
005 20040729120447.0
008 900925|1961    is           |||||||fre|d
100 1 $aEichmann, Adolf,$d1906-1962,$edefendant.
245 13$aLe Procureur général de l'état contre Adolf, fils de Adolf Karl Eichmann.$bProtocole audience no. 1-121, avril 11, 1961-déc. 15, 1961.
260 1 $a[Jérusalem?]$c1961.
300   $a6 v.
500   $aAt head of title: Tribunal régional de Jerusalem. Dossier pénal no. 40/61.
500   $aSessions 1-8 have title: Le Conseiller juridique du gouvernement contre ...
500   $aReproduced from typewritten copy.
500   $a"Transcription non révisée et non corrigée de la traduction simultanée."
710 1 $aIsrael.$bBet ha-mishpaṭ ha-meḥozi (Jerusalem)
988   $a20020608
906   $0MH

