LEADER 00772nam a2200229Ia 4500
001 002000153-3
005 20020606093309.7
008 900818s1989    sp       b    00000 spa  
010   $a   90186848 
020   $a8471482487
035 0 $aocm22384136
040   $aDLC$cDLC
245 00$aCulturas de FAGOR :$bestudio antropológico de las cooperativas de Mondragón /$cDavydd Greenwood ... [et al.].
260   $aSan Sebastián :$bTxertoa,$cc1989.
300   $a183 p. ;$c22 cm.
440  0$aColección "Ipar haizea" ;$v33
504   $aIncludes bibliographical references.
650  0$aProducer cooperatives$zSpain$zMondragón$xSociological aspects.
651  0$aMondragón (Spain)$xEconomic conditions.
700 1 $aGreenwood, Davydd J.
988   $a20020608
906   $0DLC

