LEADER 00558nam a2200169   4500
001 002000154-1
005 20020606093309.7
008 890925s1960    ua |||||||||||||| ||ara|d
035 1 $aMIUGAJF8639B
040   $cSAZTEC$dCStRLIN
100 1 $aDīb, Muḥammad Muḥammad al-Sibāʻī
245 13$aal-Bayān fī iʻjāz al-Qurʼān /$cbi-qalam Muḥammad Muḥammad al-Sibāʻī al-Dīb.
260   $aal-Qāhirah :$bMaktabat Muḥammad ʻAlī Ṣubayḥ,$c1960
300   $a208 p.$bport.$c22 cm.
630 00$aQurʼan$xLanguage, style.
988   $a20020608
906   $0RLIN

