LEADER 00944nam a2200265Ia 4500
001 002000155-X
005 20020606093309.7
008 860117s1983    yu af         000 0 srp d
035 0 $aocm13034843
035 0 $aocm13034843$zocm22726234
040   $aWAU$cWAU$dm/c$dHLS
090   $aTR650$b.S722 1983
100 1 $aStanimirović, Dušan.
245 10$aFotografije Dušana Stanimirovića /$cautori tekstova, Peđa Milosavljević, Gordana Harašić.
260   $aBeograd :$bGalerija Srpske akademije nauka i umetnosti,$c1983.
300   $a11 p., 44 p. of plates :$bill. ;$c24 cm.
490 1 $aGalerija Srpske akademije nauka i umetnosti ;$v43
500   $aIn Serbo-Croatian (Cyrillic).
600 10$aStanimirović, Dušan.
650  0$aPhotography, Artistic.
700 1 $aMilosavljević, Peđa.
700 1 $aHarašić, Gordana.
830  0$aGalerija Srpske akademije nauka i umetnosti (Series) ;$v43.
988   $a20020608
906   $0OCLC

