LEADER 00394nam a22001455u 4500
001 002000156-8
005 20020606093309.7
008 900925|1990    fi           |||||||fin|d
020   $a9518840369
100 1 $aVälitalo, Heikki.
245 10$aNeljän markan maa :$bjohdatus Suomen kansantalouden peruskysymyksiin.
260 0 $aHelsinki :$bArt House,$c1990.
300   $a122 p.
988   $a20020608
906   $0MH

