LEADER 00618nam a2200217Ia 4500
001 002000157-6
005 20090712120220.0
008 870811s1981    pl            000 0 pol d
020   $a8321103065
035 0 $aocm16415185
040   $aOSU$cOSU$dHLS
090   $aDK4437$b.L52
100 1 $aLichniak, Zygmunt.
245 10$aW duchu dialogu :$b(rozważania o kulturze) /$cZygmunt Lichniak.
250   $aWyd. 1.
260   $aWarszawa :$bPax,$c1981.
300   $a190 p. ;$c20 cm.
650  0$aSocialism and Christianity$xCatholic Church$zPoland.
651  0$aPoland$xCivilization$y1945-
988   $a20020608
906   $0OCLC

