LEADER 00577cam a2200217I  4500
001 002000158-4
005 20020606093309.7
008 750923s1957    ilua     b    000 0 eng  
010   $a   57013789 
035 0 $aocm01650773
040   $aDLC$cFQG$dOCL$dHMS
050 0 $aRC424$b.B58
082   $a616.87
100 1 $aBluemel, Charles Sidney,$d1884-
245 14$aThe riddle of stuttering.
260   $aDanville, Ill.,$bInterstate Pub. Co.$c[1957]
300   $a142 p.$billus.$c21 cm.
504   $aIncludes bibliography.
650  0$aStuttering.
988   $a20020608
906   $0DLC

