LEADER 00626nam a22002177u 4500
001 002000159-2
005 20020606093309.7
008 900925|1990    is           |||||||heb|d
020   $a9653425501
035 0 $aocm22924827
100 1 $aShakespeare, William,$d1564-1616.
240 10$aSonnets.$lHebrew
245 10$aSoneṭot /$cSheḳspir ; ʻIvrit Sh. Shalom.
250   $aMahadurah meḥudeshet.
260 0 $aYerushalayim :$bMosad Byaliḳ,$c750, 1990.
300   $a154 p. ;$c19 cm.
500   $aTranslation of: Sonnets.
700 1 $aShalom, Shin,$d1904-1990.
752   $aIsrael$dJerusalem
988   $a20020608
906   $0MH

