LEADER 00736nam a2200193 a 4500
001 002000160-6
005 20020606093309.7
008 900925s1897    le            000|p ara d
035 0 $aocm47928254
100 1 $aBallān, Salīm ibn Shāhīn.
245 10$aDurr al-bukāʾ fī ʻaqd al-rithāʾ /$cjamaʻahu wa-tawallʹa ṭabʻahu Salīm ibn Shāhīn Ballān.
260   $aBaʻbdā :$bal-Maṭbaʻah al-ʻUthmānīyah,$c1897.
300   $a124 p. ;$c20 cm.
500   $a"Wa-huwa majmūʻ mā naẓẓamahu al-shuʻarāʾ fī rithāʾ al-mabrūr al-maʾsūf ʻalayhi faqīd al-fadīlah wa al-ʻilm al-Munsinyūr Luwīs Zawīn."
600 10$aZuwayn, Luwīs.
650  0$aPoetry.
752   $aLebanon$dBaʻbdā.
988   $a20020608
906   $0MH

