LEADER 00804nam a22002658a 4500
001 002000161-4
005 20020606093309.7
008 900606s1990    enka     b    00110 eng d
010   $agb 90034465 
015   $aGB90-34465
020   $a0521326672 (cased) :$c£30.00
020   $a0521339316 (pbk) :$c£12.50
035 0 $aocm21974718
040   $aUKM$cUKM$dMCS
050 14$aQC485
082 04$a539.7223$220
100 1 $aGaisser, Thomas K.
245 10$aCosmic rays and particle physics /$cThomas K. Gaisser.
260 0 $aCambridge [England] ;$aNew York :$bCambridge University Press,$c1990.
300   $axiv, 279 p. :$bill. ;$c24 cm.
504   $aIncludes bibliographical references (p. 263-276) and index.
650  0$aCosmic rays.
653   $aCosmic rays
988   $a20020608
906   $0OCLC

