LEADER 00882nam a2200265Ia 4500
001 002000162-2
005 20020606093309.7
008 911023s1990    sp       b    000 0 spa d
020   $a8474345944
035 0 $aocm24605944
040   $aNDD$cNDD$dHLS
041 1 $aspa$hfre
090   $ax
100 1 $aGreffe, Xavier.
240 00$aDecentraliser pour l'emploi.$lSpanish
245 10$aDescentralizar en favor del empleo :$blas iniciativas locales de desarrollo /$cXavier Greffe ; [ traducción, Evelyne Tocut].
260   $aMadrid :$bMinisterio de Trabajo y Seguridad Social,$c1990.
300   $a230 p. ;$c22 cm.
440  0$aColección informes.$pSerie empleo ;$v19
504   $aIncludes bibliographical references.
650  0$aJob creation$zEurope.
650  0$aLocal government$zEurope.
650  0$aFull employment policies$zEurope.
988   $a20020608
906   $0OCLC

