LEADER 01689cam a2200337 a 4500
001 002000163-0
005 20020606093309.7
008 900221s1990    dcua     b    001 0 eng  
010   $a   90009602 
015   $aGB91-33420
020   $a0874748054 (alk. paper)
020   $a0874743842 (pbk.)
035 0 $aocm21195983
040   $aDLC$cDLC$dUKM$dAGL$dFLL
050 00$aQH75$b.S474 1990
072  0$aP000
082 00$a333.95$220
086 0 $aSI 1.2:Is5
100 1 $aShafer, Craig L.
245 10$aNature reserves :$bisland theory and conservation practice /$cCraig L. Shafer.
260   $aWashington :$bSmithsonian Institution Press,$cc1990.
300   $axii, 189 p. :$bill. ;$c29 cm.
504   $aIncludes bibliographical references (p. 155-183) and index.
505 0 $aThe theory of island biogeography -- Diversity and reserve design: the basics -- Minimum populations -- Extinction vulnerability -- Nature reserve size: the application of theory and data -- Nature reserve isolation: planning options -- Single large, or several small reserves (SLOSS) and beyond -- Research and policy -- Nature reserve size/design and management: national contrasts -- Conservation guidance in the 1990s -- Some conservation realities and philosophy -- A paleobiological perspective -- Evolutionary arrest -- Nature reserve strategy.
650  0$aNatural areas$xManagement.
650  0$aNational parks and reserves$xManagement.
650  0$aIsland ecology.
650  0$aNature conservation$xManagement.
776 08$iOnline version:$aShafer, Craig L.$tNature reserves.$dWashington : Smithsonian Institution Press, ©1990$w(OCoLC)647049702
988   $a20020608
906   $0DLC

