LEADER 01208nam a2200313Ia 4500
001 002000164-9
005 20020606093309.7
008 910722s1990    sp ab    b    001 0 spa d
020   $a8486763339
020   $a8474797977
035 0 $aocm24112287
040   $aAGL$cAGL$dHLS
043   $ae-sp---
050 04$aS469.S7$bK66 1990
072  0$aA000$aB500
090   $ax
100 2 $aYoshiyuki Kondo, Agustín.
242 00$aNineteenth century Spanish agriculture.
245 13$aLa agricultura española del siglo XIX /$cAgustín Yoshiyuki Kondo.
246 3 $aAgricultura española del siglo 19.
246 3 $aAgricultura española del siglo décimonono.
260   $aMadrid :$bEditorial Nerea :$bMinisterio de Agricultura, Pesca y Alimentación,$c[1990]
300   $a336 p. :$bill., maps ;$c22 cm.
504   $aIncludes bibliographical references (p. [319]-326) and index.
650  0$aAgriculture$zSpain$xHistory$y19th century.
655  7$aHistory.$2fast
776 08$iOnline version:$aKondo, Agustín Yoshiyuki.$tAgricultura española del siglo XIX.$dMadrid : Editorial Nerea : Ministerio de Agricultura, Pesca y Alimentación, [1990]$w(OCoLC)645862848
988   $a20020608
906   $0OCLC

