LEADER 00780aam a2200253 a 4500
001 002000165-7
005 20020606093309.7
008 910720s1990    sp a     bs  f000 0 spa  
010   $a   91174375 
020   $a8477990298
035 0 $aocm24248473
040   $aDLC$cDLC$dHLS
043   $ae-sp---
050 00$aHQ1692$b.M843 1990
245 03$aLa Mujer en España :$bsituación social.
260   $a[Madrid] :$bMinisterio de Asuntos Sociales, Instituto de la Mujer,$c[1990]
300   $a254 p. :$bill. ;$c26 cm.
500   $aErrata slip inserted.
504   $aIncludes bibliographical references.
650  0$aWomen$zSpain$xSocial conditions$vStatistics.
650  0$aWomen$zSpain$vStatistics.
710 2 $aInstituto de la Mujer (Spain)
988   $a20020608
906   $0DLC

