LEADER 01445nam a2200325 a 4500
001 002000166-5
005 20020606093309.7
008 910103s1989    sp            000 0 spa  
010   $a   91100464 
020   $a8460072363
035 0 $aocm25026383
040   $aDLC$cDLC$dHLS
043   $ae-sp---
050 00$aHD6278.S7$bA28 1989
245 03$aEl Actual stock de titulados superiores en su relación con las necesidades de desarrollo económico y social de España :$bmedidas de política universitaria para su ajuste.
246 3 $aStock de titulados universitarios y su relación con el mercado de trabajo, 1976-86.
260   $a[Madrid] :$bConsejo de Universidades, Secretaría General,$c1989.
300   $a251 p. ;$c24 cm.
500   $aCover title: El Stock de titulados universitarios y su relación con el mercado de trabajo, 1976-86.
500   $a"Estudio ... realizado por Desenvolupament i Societat: ESTUDIS, S.A. [y] la realización del trabajo ha corrido a cargo de Juan Pedro Male Masmejean ... y Robert Tomàs Calvo"--T.p. verso.
650  0$aCollege graduates$xEmployment$zSpain.
650  0$aLabor supply$xEffect of education on$zSpain.
650  0$aEducation, Higher$zSpain.
650  0$aLabor market$zSpain.
650  0$aProfessions$zSpain.
700 1 $aMasmejan, Jean-Pierre.
700 2 $aTomàs Calvo, Robert.
710 2 $aDesenvolupament i Societat: ESTUDIS, S.A.
988   $a20020608
906   $0DLC

