LEADER 01303nam a2200373Ia 4500
001 002000167-3
005 20020606093309.7
008 900920s1990    mnua     b    00000 eng d
010   $a   90082571 
020   $a0890541108
035 0 $aocm22663734
035 0 $aocm22412574
040   $aNUA$cNUA$dBOH
041 1 $aeng$hdut
043   $ae-ne---
050 00$aSB608.E5$bD89 1990
090   $aSB608.E5$bD87 1990
245 00$aDutch elm disease, the early papers :$bselected works of seven Dutch women phytopathologists /$ctranslated and prepared by Francis W. Holmes and Hans M. Heybroek.
260 0 $aSt. Paul, Minn. :$bAPS Press,$cc1990.
300   $av, 154 p. :$bill. ;$c24 cm.
440  0$aPhytopathological classics.
504   $aIncludes bibliographical references.
650  0$aDutch elm disease.
650  0$aCeratocystis ulmi.
650  0$aElm$xDiseases and pests.
650  0$aWomen scientists$zNetherlands.
690  9$aUlmaceae.$5ajp
690  9$aUlmus.$5ajp
700 1 $aHolmes, Francis W.
700 1 $aHeybroek, H. M.
710 2 $aAmerican Phytopathological Society.
776 08$iOnline version:$tDutch elm disease-the early papers.$dSt. Paul, Minn., USA : American Phytopathological Society, ©1990$w(OCoLC)899704871
988   $a20020608
906   $0OCLC

