LEADER 00454nam a22001575u 4500
001 002000168-1
005 20020606093309.7
008 900925|1990    fi           |||||||fin|d
020   $a951955520X
100 1 $aVaaskivi, T.$q(Tatu),$d1912-1942
245 10$aArkaadiset jumalat :$bkreikkalaisen ja vähä-aasialaisen uskonnon tulkintaa.
250   $aUusi painos.
260 0 $aHelsinki :$bMartti Lindblom ky.,$c1990.
300   $a149 p.
988   $a20020608
906   $0MH

