LEADER 00843nam a2200229 a 4500
001 002000169-X
005 20040610174217.0
008 900925s1990    sp       b   f000|0 spa d
020   $a8471968134
035 0 $aocm27259668
043   $ae-sp---
090   $aHJ2846$b.S83 1990x
100 2 $aSubirats Piñana, Josep,$d1920-
245 10$aActitudes de los empresarios ante la evolución del sistema tributario (1957-1975) :$bla era de la evolución global /$cJosep Subirats.
260   $aMadrid :$bMinisterio de Economía y Hacienda, Instituto de Estudios Fiscales,$c1990.
300   $a120 p. ;$c24 cm.
504   $aIncludes bibliographical references.
650  0$aBusinessmen$zSpain$xAttitudes$xHistory$y20th century.
650  0$aTaxation$zSpain$xHistory$y20th century.
651  0$aSpain$xEconomic policy.
988   $a20020608
906   $0MH

