LEADER 00827nam a2200265Ia 4500
001 002000170-3
005 20020606093309.7
008 880411s1982    pl            000 0 pol d
020   $a8308005926
035 0 $aocm17761820
040   $aOSU$cOSU$dHLS
043   $ad------$aa-pk---
050  4$aBJ1360$b.K36 1982
090   $aBJ1360$b.K36
100 1 $aKapuściński, Witold Juliusz.
245 10$aCzłowiek czy humanista w kosmosie :$b(humanizm, medycyna, trzeci świat) /$cWitold Juliusz Kapuściński.
250   $aWyd. 1.
260   $aKraków :$bWydawn. Literackie,$cc1982.
300   $a171 p. ;$c20 cm.
504   $aIncludes bibliographical references.
650  0$aHumanistic ethics.
650  0$aMedicine$zDeveloping countries.
651  0$aPakistan$xDescription and travel.
988   $a20020608
906   $0OCLC

