LEADER 00955nam a2200277Ia 4500
001 002000171-1
005 20020606093309.7
008 850719s1981    cs h     c    000 0 cze d
035 0 $aocm12284481
040   $aWAU$cWAU$dm/c$dHLS
041 0 $acze$bger
043   $ae-cs---
050  4$aND2893$b.N37 1981
090   $aND2893$b.N37 1981
110 2 $aNárodní muzeum v Praze.$bKnihovna.
245 10$aZ pokladnice Knihovny Národního muzea :$bvýstava nejkrásnějších iluminovaných rukopisů z muzejních kimélií /$cJaroslav Vrchotka.
260   $a[Praha] :$bNárodní muzeum,$c1981.
300   $a[20] p. :$bfacsims. (some col.) ;$c26 cm.
500   $aSummary in German.
500   $aCover title.
650  0$aIllumination of books and manuscripts$vExhibitions.
650  0$aManuscripts$zCzech Republic$zPrague$vExhibitions.
655  7$aExhibition catalogs.$2fast
700 1 $aVrchotka, Jaroslav.
988   $a20020608
906   $0OCLC

