LEADER 01432aam a2200373 a 4500
001 002000172-X
005 20020606093309.7
008 900418s1988    ua a     b    00110 fre  
010   $a   90960076 
020   $a2724700732 (set)
020   $a2724700740 (fasc. 1)
020   $a2724700759 (fasc. 2)
035 0 $aocm21484030
040   $aDLC$cDLC$dHLS
043   $af-ua---
050 00$aDT73.K4$bJ34 1988
082 00$a932$220
100 2 $aJacquet-Gordon, Helen.
245 10$aKarnak-nord VI :$ble trésor de Thoutmosis Ier : la décoration /$cpar Helen Jacquet-Gordon.
246 3 $aKarnak-nord 6.
246 3 $aKarnak-nord six.
246 3 $aTrésor de Thoutmosis Ier.
260 0 $aLe Caire :$bInstitut français d'archéologie orientale du Caire,$cc1988.
300   $a2 v. :$bill. ;$c33 cm.
440  0$aFouilles de l'Institut français d'archéologie orientale du Caire ;$vt. 32
440  0$aPublications de l'Institut français d'archéologie orientale du Caire ;$v681
500   $a"En vente sous la référence IF 681 ... Paris, au Département des ventes de l'Imprimerie nationale"--Colophon.
500   $a"ISSN 0768-4703"--P. 4 cover.
504   $aIncludes bibliographical references (v. 1, p. [267]-269) and indexes.
505 0 $afasc. 1. Texte -- fasc. 2. Planches.
610 20$aTreasury of Thutmose I (Karnak, Egypt)
650  0$aArchitecture, Egyptian.
988   $a20020608
906   $0DLC

