LEADER 00753nam a2200229I  4500
001 002000173-8
005 20020606093309.7
008 740708s1968    xx            000 0 eng u
010   $a   67030932 
035 0 $aocm00938111
040   $cTOL$dHLS
043   $aa-cc---$ae-ur---
050 0 $aDS740.5.R8$bL4
100 1 $aLevine, David C.
245 14$aThe rift :$bthe Sino-soviet conflict /$cby David C. Levine.
260   $aJacksònville, Ill. :$bHarris-Wolfe,$c1968.
300   $a217 p.$c22 cm.
651  0$aChina$xForeign relations$zSoviet Union.
651  0$aSoviet Union$xForeign relations$zChina.
776 08$iOnline version:$aLevine, David C.$tRift.$dJacksònville, Ill., Harris-Wolfe [©1968]$w(OCoLC)654473992
988   $a20020608
906   $0MH

