LEADER 00563nam a22001577u 4500
001 002000174-6
005 20020606093309.7
008 900925s1947    cs           |||||||cze|d
035 0 $aocm79879299
100 1 $aEngliš, Karel,$d1880-
245 10$aŘeč, kterou pronesl J.M. Rektor University Karlovy ... Karel Engliš při své instalaci dne 9. prosince 1947 /$cKarel Engliš.
260 0 $aV Praze :$bStátní tiskárna,$c1947.
300   $a22 p. ;$c21 cm.
505 0 $aNástin hospodářských soustav -- Poselství k akademické mládeži.
988   $a20020608
906   $0MH

