LEADER 00664nam a22002297u 4500
001 002000175-4
005 20020606093309.7
008 900925|1989    is           |||||||heb|d
020   $a9653024906
035 0 $aocm22872245
100 1 $aNir, Raphael.
245 10$aMavo le-valshanut /$cRefaʾel Nir.
246 3 $aIntroduction to linguistics.
260 0 $aRamat Aviv :$bha-Universiṭah ha-petuḥah,$c749, 1989.
300   $av. ;$c25 cm.
490 0 $aUniversiṭah ha-petuḥah ;$v10143
500   $aAdded title: Introduction to linguistics.
650  0$aLinguistics.
650  0$aHebrew language.
752   $aIsrael$dTel Aviv
988   $a20020608
906   $0MH

