LEADER 01420aam a2200277 a 4500
001 002000176-2
005 20020606093309.7
008 890131s1989    gaua          00110 eng  
010   $a   89080278 
020   $a0929264568 :$c$19.95
035 0 $aocm20575471
040   $aDLC$cDLC$dSLR
043   $an-usu--
050 00$aTX715.2.S68$bR83 1989
082 00$a641.5975$220
100 1 $aRudisill, Marie.
245 10$aSook's cookbook :$bmemories and traditional receipts from the Deep South /$cMarie Rudisill ; illustrated by Barry Moser.
260 0 $aAtlanta, Ga. :$bLongstreet Press,$cc1989.
300   $a198 p. :$bcol. ill. ;$c29 cm.
500   $aIncludes index.
505 0 $aThe history of "Sook's Cookbook" -- Receipts from the Faulk household : Sook Faulk -- Jenny, Bud, and Callie Faulk -- Aunt Pallie and the wit and wisdom of mammies -- Little bit -- Corrie Wolf -- Sem Muscadine -- Charity and Sylvester -- Reminiscences of a Southern Christmas -- Receipts from plantation farm ledgers, day books, and journals, dating as far back as 1837 -- Receipts from various Alabama towns : The Piney Woods country -- Coastal specialties -- Lafayette's visit to Claiborne, Alabama -- Typical Sunday dinner receipts -- Glossary of herbs, spices and flavorings.
650  0$aCooking, American$xSouthern style.
655  7$aCookbooks.$2lcgft
700 1 $aFaulk, Sook,$d1871-1946.
988   $a20020608
906   $0DLC

