LEADER 00827nam a22002297a 4500
001 002000177-0
005 20041216132528.0
008 900925s1978    cs            000|0 cze d
035 0 $aocm42181548
040   $aLGP$cLGP
043   $ae-cs---
245 10$aMěli jsme bojovat :$bzápisy z jednání politického byra ÚV KSČ v září 1938 /$c[připr. F. Štěpán, J. Soukup].
260 0 $aPraha :$bÚstav marxismu-leninismu ÚV KSČ, odbor dějin KSČ a MDKH,$c1978.
300   $a35 p. ;$c20 cm.
490 1 $aStudie a dokumenty Ústavu marxismu-leninismu ÚV KSČ v Praze
651  0$aCzechoslovakia$xHistory$y1938-1945.
630 00$aMunich Four-Power Agreement$d(1938)
700 1 $aŠtěpán, František.
700 1 $aSoukup, Jaroslav.
710 2 $aÚstav marxismu-leninismu ÚV KSČ.
988   $a20020608
906   $0OCLC

