LEADER 01092nam a2200253 a 4500
001 002000178-9
005 20020606093309.7
008 900925s1976    gs       b    00010 cauod
035 0 $aocm22642372
100 1 $aKonjʹaria, V. Ḣ.$q(Valentina Ḣajʹmeth-iphḣa)
245 10$aAphsua-abaza aleksika iazkyu aocherkk̇hua /$cV. Kh. Konjʹaria.
246 3 $aOcherki po abkhazsko-abazinskoĭ leksike.
246 3 $aNarkvevebi apʻxazur-abazuri lekʻsikidan.
260 0 $aK̇harth [Georgian S.S.R.] :$bMet︠s︡niereba,$c1976.
300   $a86 p. ;$c22 cm.
500   $aIn Abkhaz.
500   $aGeorgian title in colophon: Narkvevebi apʻxazur-abazuri lekʻsikidan.
500   $aRussian title in colophon: Ocherki po abkhazsko-abazinskoĭ leksike.
500   $aAt head of title: K̇hyrthtẇylatẇi SSR anaukak̇hua rakademia. D. I. Gulia ikhʹd︠z︡ zkhyu aphsnytẇei abyzshẇei, aliteraturei athourykhi rinstitut.
504   $aIncludes bibliographical references (p. 82-85).
650  0$aAbkhaz language$xLexicology.
650  0$aAbazin language.
988   $a20020608
906   $0MH

