LEADER 01310aam a2200337 a 4500
001 002000179-7
005 20020606093309.7
008 900524s1990    ii abf   b    00110 eng  
010   $a   90901683 
020   $a8170620910 :$cRs400.00
035 0 $aocm21760758
040   $aDLC$cDLC$dDLC
043   $aa-ii---
050 00$aUA843.I6$bB73 1990
082 00$a356/.1/0954$220
100 20$aBrahma Singh, K.,$d1931-
245 10$aHistory of Jammu and Kashmir Rifles, 1820-1956 :$bthe state force background /$cK. Brahma Singh.
246 3 $aHistory of Jammu & Kashmir Rifles.
246 3 $aJammu & Kashmir Rifles.
246 3 $aJammu and Kashmir Rifles.
260 0 $aNew Delhi :$bLancer International,$cc1990.
300   $axxv, 323 p., [20] p. of plates :$bill. (some col.), maps ;$c25 cm.
500   $aCover title: History of Jammu & Kashmir Rifles, 1820-1956.
504   $aIncludes bibliographical references (p. [313]-314)
610 20$aIndia.$bArmy.$bJammu and Kashmir Rifles$xHistory.
651  0$aIndia$xHistory, Military.
655  7$aHistory.$2fast
655  7$aMilitary history.$2fast
776 08$iOnline version:$aBrahma Singh, K., 1931-$tHistory of Jammu and Kashmir Rifles, 1820-1956.$dNew Delhi : Lancer International, ©1990$w(OCoLC)608130251
988   $a20020608
906   $0DLC

