LEADER 00965nam a22003018a 4500
001 002000180-0
005 20020606093309.7
008 891013c19901989nyu      d    00110 eng  
010   $a   89018157 
020   $a0553057596
035 0 $aocm20566798
040   $aDLC$cDLC$dSLR
043   $ae-fr---
050 0 $aTX349$b.D48 1990
082 0 $a641.5944/03$220
100 1 $aDeighton, Len,$d1929-
245 10$aABC of French food /$cLen Deighton ; foreword by Egon Ronay ; introduction by Jacques Pépin.
250   $aBantam ed.
260 0 $aNew York :$bBantam Books,$c1990, c1989.
300   $axiv, 256 p. :$bill. ;$c25 cm.
504   $aIncludes bibliographical references ( p. [219]-230) and index.
520   $aPresents informative notes on French food, wine, and chefs.
650  0$aFood$vDictionaries.
650  0$aCooking, French$vDictionaries.
655  7$aDictionaries.$2fast
655  7$aCookbooks.$2lcgft
988   $a20020608
906   $0DLC

