LEADER 00989nam a2200265 a 4500
001 002000181-9
005 20020606093309.7
008 900925s1930    ii af         000|0 eng d
035 0 $aocm79095907
040   $aMH-FA$cMH-FA
043   $aa-ii---
100 1 $aBirdwood, W. R. B.$q(William Riddell Birdwood),$cBaron,$d1865-1951.
245 10$aReminiscences of the residences of the Commanders-in-Chief in India :$bin Simla, Calcutta and New Delhi /$cby W.R. Birdwood.
246 14$aReminiscences
260 0 $aSimla :$bArmy Press,$c1930.
300   $a30 p., [13] leaves of plates :$bill. ;$c21 cm.
650  0$aGovernors$xDwellings$zIndia.
650  0$aArchitecture, British$zIndia$zSimla.
650  0$aArchitecture, British$zIndia$zKolkata.
650  0$aArchitecture, British$zIndia$zDelhi.
650  0$aArchitecture, Domestic$zIndia$zSimla.
650  0$aArchitecture, Domestic$zIndia$zKolkata.
650  0$aArchitecture, Domestic$zIndia$zDelhi.
988   $a20020608
906   $0MH

