LEADER 00855cam a22002531  4500
001 002000182-7
005 20020606093309.7
008 751119s1963    nyua     b    000 0 eng  
010   $a   63012847 
035 0 $aocm00366322
040   $aDLC$cWRJ$dDLC$dm.c.$dHMS
050 00$aRC386.5$b.G55
082 00$a616.80757
100 1 $aGlaser, Gilbert H.$eed.
245 10$aEEG and behavior.
260   $aNew York,$bBasic Books$c[1963]
300   $ax, 406 p.$billus., diagrs., tables.$c24 cm.
500   $a"Based upon a research conference, Electroencephalographic correlates of behavior, held at the Yale University School of Medicine, November 27 and 28, 1961."
504   $aIncludes bibliographies.
650  2$aElectroencephalography.
650  2$aPsychophysiology.
710 2 $aYale University.$bSchool of Medicine.
988   $a20020608
906   $0DLC

