LEADER 00787nam a22002057a 4500
001 002000183-5
005 20020606093309.7
008 900925s1981    cs            000|0 cze d
035 0 $aocm42048670
245 10$aKarel Hlaváček 1874-1898 /$c[výstavu a katalog] připravil Tomáš Mikuláštík.
260 0 $aGottwaldov, Praha, Brno :$bOblastn ́galerie, Památník národního písemnictví, Moravská galerie,$c1981.
300   $a8 p.
600 10$aHlaváček, Karel,$d1874-1898$vExhibitions.
650  0$aAuthors, Czech$vExhibitions.
700 1 $aMikulaštik, Tomáš.
710 2 $aOblastní galerie výtvarného umění v Gottwaldově.
710 2 $aPamátník národního písemnictví (Prague, Czech Republic)
710 2 $aMoravská galerie v Brně.
988   $a20020608
906   $0MH

