LEADER 00731pam a2200277 a 4500
001 002000184-3
005 20020606093309.7
008 890525s1990    nyu           00110 eng  
010   $a   89015234 
020   $a0517574748 :$c$19.95
035 0 $aocm19848317
040   $aDLC$cDLC$dSLR
043   $aa-cc---
050 00$aTX724.5.C5$bC4622 1990
082 00$a641.5951/089924$220
100 1 $aChan, Millie.
245 10$aMillie Chan's kosher Chinese cookbook.
246 3 $aKosher Chinese cookbook.
250   $a1st ed.
260 0 $aNew York :$bHarmony Books,$c1990.
300   $a228 p. ;$c25 cm.
500   $aIncludes index.
650  0$aCooking, Chinese.
650  0$aJewish cooking.
988   $a20020608
906   $0DLC

