LEADER 00884nbc a2200241Ia 4500
001 002000185-1
005 20020606093309.7
008 901129r16741751scu     a           eng d
035 0 $aocm22756250
040   $cHLS
043   $an-us-sc
110 1 $aSouth Carolina.$bSecretary of State.
245 10$aRecords of the Secretary of State.$pLand grants, colonial series, copies, "royal grants"$f[ca. 1674-ca. 1751]$hmicroform.
246 3 $aLand grants, colonial series, copies, royal grants.
300   $a<v. 34-39, 41, 42>
500   $a"AD594": v. 38; "AD595": v. 39; "AD596": v. 41; :AD597": v. 42.
500   $aEach vol. indexed.
610 10$aSouth Carolina.$bSecretary of State$xArchives.
650  0$aLand grants$zSouth Carolina.
651  0$aSouth Carolina$xHistory$xSources.
710 1 $aSouth Carolina.$bDepartment of Archives and History.
988   $a20020608
906   $0MH

