LEADER 00693nam a2200229 a 4500
001 002000186-X
005 20020606093309.7
008 900925s1980    ua            000|0 ara d
035 0 $aocm14517280
040   $aOSU$cOSU$dOCL
043   $af-ua---
050 00$aPJ7860.I9$bB5 1980
100 1 $aRizq, ʻAbd al-Fattāḥ.
245 10$aBidāyat al-luʻbah :$b[majmūʻat qiṣaṣ qaṣīrah] /$cʻAbd al-Fattāḥ Rizq.
260   $a[Cairo] :$bMaktabah Rūz Yūsuf,$c[1980]
300   $a137 p. :$bill. ;$c20 cm.
440  0$aKitāb al-dhahabī
650  0$aShort stories, Arabic$zEgypt.
650  0$aArabic fiction$y20th century.
752   $aEgypt$dCairo.
988   $a20020608
906   $0OCLC

