LEADER 01020nam a2200313Ia 4500
001 002000187-8
005 20020606093309.7
008 871209s1981    pl            000 0 pol d
020   $a8322201346
035 0 $aocm17206851
040   $aOSU$cOSU$dHLS
041 0 $apolengrus
050  4$aBD223$b.H65
090   $aBD223$b.H65
245 00$aHomo agens :$bstudia nad aktywnością i podmiotowością człowieka : praca zbiorowa /$cpod redakciją Zdzisława J. Czarneckiego i Bohdana Dziemidoka.
250   $aWyd. 1.
260   $aLublin :$bWydawn. Lubelskie,$c1981.
300   $a282 p. ;$c21 cm.
440  0$aCzłowiek i świat człowieka
500   $aText in Polish; table of contents in Polish, Russian and English.
500   $aErrata slip laid in.
504   $aIncludes bibliographical references.
650  0$aSubject (Philosophy)
650  0$aSubjectivity.
650  0$aAct (Philosophy)
700 1 $aCzarnecki, Zdzisław Jerzy.
700 1 $aDziemidok, Bohdan.
988   $a20020608
906   $0OCLC

