LEADER 00839cas a2200277 a 4500
001 002000188-6
005 20020606093309.7
008 930823d190719uudk wr nea     0    0dan d
010   $asn 93031453 
035 0 $aocm28681725
040   $aHLS$cHLS$dHUL
042   $alcd
043   $ae-dk---
245 00$aMosaisk samfund.$h[microform].
260   $a[Copenhagen] :$bMosaisk Samfund,$c1907-
300   $av. :$bill.
310   $aWeekly
362 0 $a[1. Aarg.], nr. 2 (20. april 1907)-
500   $aTitle from caption.
515   $aVolume numbering begins with Aarg. 2, nr. 1 (jan. 8, 1908).
650  0$aJews$zDenmark$vPeriodicals.
780 00$tMosaisk tidende$w(DLC)sn 93031451$w(OCoLC)28681658
785 00$tJødisk ugeblad$w(DLC)sn 93031452$w(OCoLC)28681781
752   $aDenmark$dCopenhagen.
988   $a20020608
906   $0MH

