LEADER 02041nam a2200421 a 4500
001 002000189-4
005 20110817184853.0
008 910513s1961    is            000 0 eng d
035 0 $aocn234334900
035 0 $aocn476297628
040   $aEYM$cEYM
041 1 $aeng$hheb
043   $ae-gx---
100 1 $aEichmann, Adolf,$d1906-1962.
245 14$aThe Attorney-General of the Government of Israel v. Adolf, the son of Adolf Karl Eichmann :$bminutes of session.$nNo. 1-121, 11.4.1961-12.15.1961 : [before: Their Honours, The Presiding Judge Moshe Landau, Judge Benjamin Halevi, Judge Yitzhak Raveh.
246 1 $iAt head of title:$aIn the District Court of Jerusalem. Criminal case no. 40/61
260   $aJerusalem :$b[s.n.],$c1961.
300   $a6 v. (121 nos.) ;$c33 cm.
500   $aCover title.
500   $aReproduced from typewritten copy.
500   $a" ... this release is an unedited and unrevised transcript of the simultaneous translation and, as such, should not be regarded as stylistically perfect or devoid of linguistic errors."
500   $aSubmitted by Gideon Hausner, Attorney-General of the Government of Israel.
505 0 $av.1. Minutes of sessions no. 1-25 -- v.2. Minutes of sessions no. 26-50 -- v.3. Minutes of sessions no. 51-75 -- v.4. Minutes of sessions no. 76-100 -- v.5. Minutes of sessions no. 101-114 -- v.6. Minutes of sessions no. 115-121. Judgement. Appeal.
600 10$aEichmann, Adolf,$d1906-1962$vTrials, litigation, etc.
650  0$aWar criminals$zGermany.
650  0$aHolocaust, Jewish (1939-1945)
650  0$aWar crime trials$zIsrael.
650  0$aJews$xPersecutions$zEurope.
650  0$aWorld War, 1939-1945$xAtrocities.
650  0$aWorld War, 1939-1945$xJews.
700 1 $aLandau, Moshe,$d1912-2011.
700 1 $aHalevi, Benjamin.
700 1 $aRaveh, Yitzhak.
700 1 $aHausner, Gideon,$d1915-1990.
710 1 $aIsrael.$bha-Tove'a ha-kelali.
710 1 $aIsrael.$bBet ha-mishpaṭ ha-meḥozi (Jerusalem)
988   $a20020608
906   $0OCLC

