LEADER 00847nam a2200265 a 4500
001 002000190-8
005 20020606093309.7
008 890608s1989    nmu           00110 eng  
010   $a   89051056 
020   $a0962280704 :$c$13.95
035 0 $aocm20745636
040   $aDLC$cDLC$dSLR
043   $an-us-nm
050 00$aTX715$b.S9185 1989
082 00$a641.59789/56$220
100 1 $aStromquist, Joan.
245 10$aSanta Fe recipe :$ba cookbook of recipes from favorite local restaurants /$cby Joan Stromquist and Carl Stromquist.
260 0 $aSanta Fe, N.M. :$bTierra Publications,$cc1989.
300   $axii, 305 p. ;$c24 cm.
650  0$aCooking$zNew Mexico$zSanta Fe.
650  0$aRestaurants$zNew Mexico$zSanta Fe.
650  0$aCooking, American$xSouthwestern style.
700 1 $aStromquist, Carl.
988   $a20020608
906   $0DLC

