LEADER 00967nam a22002898a 4500
001 002000191-6
005 20020606093309.7
008 890811s1990    ilu      b    00110 eng  
010   $a   89039353 
020   $a0226207161 (alk. paper)
020   $a0226207188 (pbk. : alk. paper)
035 0 $aocm20296862
040   $aDLC$cDLC$dMCS
043   $acl-----
050 0 $aQL723.A1$bE44 1990
082 0 $a599.098$220
100 1 $aEmmons, Louise.
245 10$aNeotropical rainforest mammals :$ba field guide /$ctext by Louise H. Emmons ; color plates and illustrations by François Feer.
260 0 $aChicago :$bUniversity of Chicago Press,$c1990.
300   $axiv, 281 p. :$bill. ;$c23 cm.
504   $aIncludes bibliographical references.
650  0$aMammals$zLatin America$xIdentification.
650  0$aRain forest animals$zLatin America$xIdentification.
655  7$aGuidebooks.$2fast
700 1 $aFeer, François.
988   $a20020608
906   $0DLC

