LEADER 00463nam a2200169Ma 4500
001 002000192-4
005 20020606093309.7
008 871215s1980    ua            000 1 araod
035 0 $aocm17529659
040   $aCGU$cCGU
100 1 $aRāwī, Muḥammad.
245 13$aal-Jadd al-akbar Manṣūr /$cMuḥammad al Rāwī.
260   $aal-Qāhirah :$bDār Ātūn,$c1980.
300   $a79 p. ;$c17 cm.
490 0 $aKitāb Ātūn ;$val-kitāb 7
988   $a20020608
906   $0OCLC

