LEADER 01106cam a2200241I  4500
001 002000193-2
005 20020606093309.7
008 740515s1904    nhu           000 0 eng u
010   $a   05006132 
035 0 $aocm00887449
040   $cTOL$dHLS
050 0 $aF44.K2$bG8
100 1 $aGriffin, Simon Goodell,$d1824-1902.
245 12$aA history of the town of Keene from 1732,$bwhen the township was granted by Massachusetts, to 1874, when it became a city.$cBy S. G. Griffin, M.A. With events of interest in the history of the city from 1874 to 1904, by Frank H. Whitcomb. And an introductory sketch of the author, by O. Applegate, Jr.
260   $aKeene, N.H.,$bSentinel Print. Co.,$c1904.
300   $a2 p. l., [3]-792 p.$bfront., illus., plates, ports., fold. maps, plans (part fold.)$c24 cm.
500   $aTwo of the folded maps are attached to covers.
500   $aCompleted and published by authority of the city councils, after the death of the author.
651  0$aKeene (N.H.)$xHistory.
700 1 $aWhitcomb, Frank H.
700 1 $aApplegate, Octavius,$cJr.
988   $a20020608
906   $0MH

