LEADER 00845nam a22002417a 4500
001 002000194-0
005 20020606093309.7
008 880608s1986    cs            000 0 slo  
010   $a   88870589 
020   $cKčs3.00
035 0 $aocm18227441
040   $aDLC$cDLC$dHLS
090   $ax
245 00$aDeti v minulosti /$c[výstavu usporiadalo Slovenské národné múzeum, Etnografický ústav ; libreto, scenár, zostavenie katalógu Eva Pančuhová].
260   $aMartin :$bOsveta,$c1986.
300   $a35 p. :$bill. (some col.) ;$c21 cm.
546   $aSummaries in Russian and English.
650  0$aChildren's clothing$zSlovakia$vExhibitions.
650  0$aChildren's paraphernalia$zSlovakia$vExhibitions.
700 1 $aPančuhová, Eva.
710 2 $aEtnografický ústav (Slovenské národné múzeum)
988   $a20020608
906   $0DLC

