LEADER 00906cam a2200265 a 4500
001 002000195-9
005 20020606093309.7
008 840521s1984    nyua          00110 eng  
010   $a   83049410 
020   $a0914919016 :$c$35.00
035 0 $aocm11446428
040   $aDLC$cDLC$dm/c$dOCL$dSLR
050 0 $aTX397$b.B44 1984
082 0 $a641.3/4$219
100 1 $aBeck, M. B.
245 10$aProduce :$ba fruit and vegetable lovers' guide /$cwritten by Bruce Beck ; photographed by Andrew Unangst, illustrated by Rodica Prato.
260 0 $aNew York City, U.S.A. :$bFriendly Press,$cc1984.
300   $a213 p. :$bcol. ill. ;$c25 x 30 cm.
500   $aIncludes index.
650  0$aFruit.
650  0$aVegetables.
650  0$aGrocery shopping.
776 08$iOnline version:$aBeck, Bruce.$tProduce.$dNew York City, U.S.A. : Friendly Press, ©1984$w(OCoLC)744525728
988   $a20020608
906   $0DLC

