LEADER 00368nam a22001455u 4500
001 002000196-7
005 20020606093309.7
008 900925|1981    pl           |||||||pol|d
100 1 $aLenech, Romuald.
245 10$aCo rozum to przyszłość :$bopowiadania satyryczne.
250   $aWyd. 1.
260 0 $a[s.l.] :$bŚla̦sk,$c1981.
300   $a162 p.
988   $a20020608
906   $0MH

