LEADER 01251nam a2200325Ma 4500
001 002000197-5
005 20050319131423.0
008 901127s1990    fr af    bc   00110 fre d
020   $a272001074X
020   $a2906053082
035 0 $aocm22776940
040   $aCUY$cCUY$dHLS
041 0 $afretur
043   $aa-tu---
100 1 $aFıratlı, Nezih.
245 13$aLa sculpture Byzantine figurée au Musée Archéologique d'Istanbul /$cNezih Fıratlı ; catalogue revue et présenté par C. Metzger, A. Pralong et J.-P. Sodini ; traduction turque par A. Arel.
260 0 $aParis :$bLibrairie d'Amerique et d'Orient Adrien Maisonneuve, Jean Maisonneuve Successeur,$c1990.
300   $ax, 268 p., 128 p. of plates :$bill. ;$c28 cm.
440  0$aBibliothèque de l'Institut français d'études anatoliennes d'Istanbul ;$v30
500   $aFrench and Turkish.
504   $aIncludes bibliographical references and indexes.
610 20$aİstanbul Arkeoloji Müzeleri$vCatalogs.
650  0$aSculpture, Byzantine$zTurkey$zIstanbul.
700 1 $aMetzger, Catherine.
700 1 $aSodini, Jean-Pierre.
700 1 $aPralong, A.$q(Annie)
700 1 $aArel, Ayda.
710 2 $aİstanbul Arkeoloji Müzeleri.
988   $a20020608
906   $0OCLC

