LEADER 00587nam a2200193 a 4500
001 002000198-3
005 20090712120220.0
008 900925s1927    pk ef         000|0 eng d
035 0 $aocm78719632
040   $aMH-FA$cMH-FA
043   $aa-pk---
245 00$aLahore and some of its historical monuments.
260   $aLahore :$bGovernment House,$c[1927]
300   $a108 p., [1] folded leaf of plates :$bplan ;$c24 cm.
650  0$aIslamic architecture$zPakistan$zLahore.
650  0$aMonuments$zPakistan$zLahore.
650  0$aArchitecture$zPakistan$zLahore.
988   $a20020608
906   $0MH

