LEADER 00742pam a2200253 a 4500
001 002000199-1
005 20020606093309.7
008 890803s1990    nyu      db   00110 eng  
010   $a   89022496 
020   $a0442234651
035 0 $aocm20217807
040   $aDLC$cDLC$dSLR
050 00$aTX349$b.R83 1990
082 00$a641.3/003$220
100 1 $aRubash, Joyce.
245 10$aMaster dictionary of food and wine /$cJoyce Rubash.
260 0 $aNew York :$bVan Nostrand Reinhold,$cc1990.
300   $axi, 372 p. ;$c24 cm.
504   $aIncludes bibliographical references (p. 371-372).
650  0$aFood$vDictionaries.
650  0$aCooking$vDictionaries.
650  0$aWine and wine making$vDictionaries.
988   $a20020608
906   $0DLC

