LEADER 00725nam a22001817u 4500
001 002000200-9
005 20020606093309.7
008 900925|1990    is           |||||||heb|d
035 0 $aocm22924812
100 1 $aDaitsh, Yaʻakov Menaḥem Mendel.
245 10$aḲunṭres Torat ha-Sheviʻit :$bḥidushe halakhot be-ʻinyene Sheviʻit... : maśa u-matan be-verur halakhot...ḥeleḳ ha-ḥidushim ṿeha-beʾurim be-masekhet Sheviʻit...ḥidushe agadah... /$cme-et...Yaʻaḳov Menaḥem Mendel Daiṭsh...
246 3 $aTorat ha-Sheviʻit.
260 0 $aBene Beraḳ :$b[s.n.],$c5750 [1990]
300   $a54, [3] p. ;$c24 cm.
650  0$aSabbatical year (Judaism)
752   $aIsrael$dBene Beraḳ
988   $a20020608
906   $0MH

