LEADER 00634nam a2200217Ma 4500
001 002000201-7
005 20020606093309.7
008 910322s1981    pl            000 0bpol d
020   $a8302009695
035 0 $aocm24191165
040   $aVA@$cVA@$dHLS
090   $ax
100 2 $aLisowska-Niepokólczycka, Anna.
245 10$aBolesław zwany Chrobrym /$cAnna Lisowska-Niepokólczycka.
250   $aWyd. 1.
260   $bWydawnictwa Szkolne i Pedagogiczne,$c1981.
300   $a163 p.
440  0$aBiblioteczka historyczna : Historia Polski
600 00$aBolesław$bI,$cKing of Poland,$d966 or 967-1025.
988   $a20020608
906   $0OCLC

