LEADER 00613nam a22002057a 4500
001 002000202-5
005 20110822170032.0
008 880601s1984    is            000 0 rus  
010   $a   88868106 
035 0 $aocm18224517
040   $aDLC$cDLC$dHLS
090   $ax
100 1 $aKerzhner, David.
245 10$aLi︠u︡bovʹ i nenavistʹ /$cDavid Kerzhner.
260   $aIerusalim :$bIzd-vo R. Portnoĭ,$c1984.
300   $a288 p. :$bport. ;$c17 cm.
505 0 $aLi͡ubovʹ i nenavistʹ (roman) -- Chego on khochet (drama v trekh aktakh).
650  0$aIsraeli literature (Russian)
988   $a20020608
906   $0DLC

