LEADER 01281nam a22004458a 4500
001 002000203-3
005 20020606093309.7
008 900725s1990    enka          00100 eng d
010   $agb 90040973 
015   $aGB90-40973
020   $a0749200618 (cased) :$c£16.95
020   $a0749200464 (pbk) :$c£5.95
035 0 $aocm22239583
040   $aUKM$cUKM$dHLS
043   $ae-uk---
050 14$aH85
082 04$a300$220
245 00$aSociety and social science :$ba reader /$cedited by James Anderson and Marilyn Ricci.
260 0 $aMilton Keynes :$bOpen University,$c1990.
300   $a307 p. ;$c23 cm.
500   $aIncludes index.
650  0$aSocial sciences.
653   $aSocial sciences
650 02$aSocial Sciences [MESH]
650 02$aSocioeconomic Factors [MESH]
650 02$aSocial Class [MESH]
650 02$aSocial Conditions [MESH]
650 02$aSocial Medicine [MESH]
650 02$aSocial Change [MESH]
650 02$aSocial Sciences.
650 02$aSocioeconomic Factors.
650 02$aSocial Class.
650 02$aSocial Conditions.
650 02$aSocial Medicine.
650 02$aSocial Change.
700 1 $aAnderson, James.
700 1 $aRicci, Marilyn.
700 1 $aAnderson, James,$d1941-
988   $a20020608
906   $0OCLC

