LEADER 00673nam a22002298a 4500
001 002000204-1
005 20020606093309.7
008 891106s1990    nyu           00110 eng  
010   $a   89040730 
020   $a0894803646 :$c$8.95
035 0 $aocm21232001
040   $aDLC$cDLC$dSLR
050 00$aTX770.T65$bW57 1990
082 00$a641.8/2$220
100 1 $aWise, Victoria.
245 14$aThe well-filled tortilla cookbook /$cby Victoria Wise and Susanna Hoffman ; illustrations by Lisa Henderling.
260 0 $aNew York :$bWorkman Pub.,$c1990.
300   $a301 p. :$bill. ;$c21 cm.
650  0$aTortillas.
700 1 $aHoffman, Susanna.
988   $a20020608
906   $0DLC

