LEADER 00634cas a2200217 a 4500
001 002000205-X
005 20020606093309.7
008 980629d19261930rm wr p       0    0ger d
010   $asn 98032081 
035 0 $aocm39367088
042   $amsc
043   $ae-rm---
245 00$aNeue jüdische Rundschau$h[microform].
260   $aCernauti [Romania] :$b[s.n.],$c1926-1930.
310   $aWeekly.
362 0 $a1. Jahrg., Nr. 1 (25. Dez. 1926)-5. Jahrg., Nr. 189 (19. Sept. 1930).
515   $aSome issues not published.
650  0$aZionism$zRomania$vPeriodicals.
650  0$aJews$zRomania$vPeriodicals.
988   $a20020608
906   $0MH

