LEADER 00440nam a22001455u 4500
001 002000206-8
005 20020606093309.7
008 900925|1926    mx           |||||||spa|d
110 1 $aCampeche (Mexico : State)
245 10$aLey del trabajo del estado de Campeche.$bExpedida por el XIX Congreso constitucional del mismo.
250   $aEd. oficial.
260 0 $aCampeche,$bJoaquin Ongay R.,$c1926.
500   $aCover title.
988   $a20020608
906   $0MH

