LEADER 01195aam a2200289 a 4500
001 002000207-6
005 20020606093309.7
008 900712s1990    ii            00100 eng  
010   $a   90903019 
020   $a8185355460 (set)
020   $cRs400.00 (per vol.)
035 0 $aocm22114255
040   $aDLC$cDLC$dDLC
043   $aa-ii---
050 00$aJQ298.I5$bS76 1990
245 04$aThe Story of Congress pilgrimage :$bevent to event record of activities of the Indian National Congress from 1885 to 1985 emanating from official reports of the general secretaries /$c[compiled by] A.M. Zaidi.
260 0 $aNew Delhi :$bIndian Institute of Applied Political Research,$c1990.
300   $a7 v. ;$c22 cm.
500   $aIncludes index.
505 0 $av. 1. 1885-1900 -- v. 2. 1901-1915 -- v. 3. 1916-1940 -- v. 4. 1940-1955 -- v. 5. 1956-1963 -- v. 6. 1964-1970 -- v. 7. 1970-1985.
610 20$aIndian National Congress$xHistory$xSources.
651  0$aIndia$xPolitics and government$y19th century$xSources.
651  0$aIndia$xPolitics and government$y20th century$xSources.
700 1 $aZaidi, A. Moin,$d1933-
710 2 $aIndian National Congress.
988   $a20020608
906   $0DLC

