LEADER 00332nam a22001455u 4500
001 002000208-4
005 20020606093309.7
008 900925|1981    pl           |||||||pol|d
100 1 $aŁabiński, Roman.
245 10$aWidmo apokalipsy.
250   $aWyd. 1.
260 0 $aWarszawa :$bKAW,$c1981.
300   $a297 p.
988   $a20020608
906   $0MH

