LEADER 00736cas a2200277 a 4500
001 002000209-2
005 20020606093309.7
008 930825d19331933xr wr nea     0    0ger d
010   $asn 93031433 
035 0 $aocm28691577
040   $aHLS$cHLS$dHUL
042   $alcd
130 0 $aNeŭe Weg (Brno, Czech Republic)
245 04$aDer Neŭe Weg$h[microform].
260   $aBrünn :$bPolygrafia,$c1933-
300   $av. :$bill.
310   $aWeekly
362 0 $aJahrg. 1, Nr. 1 (4 Jän. 1933)-
362 1 $aCeased in 1933 ?
500   $aTitle from caption
650  0$aZionism$vPeriodicals.
650  0$aJews$vPeriodicals.
752   $aCzech Republic$dBrno.
752   $aCzech Republic$dBrno.
988   $a20020608
906   $0MH

