LEADER 00864pam a2200265 a 4500
001 002000210-6
005 20041203164105.0
008 900116s1990    enkab    bs   00110 eng  
010   $a   90001361 
020   $a0521384168
020   $a0521448662
035 0 $aocm21029653
035 0 $aocm21035109
040   $aDLC$cDLC$dHLS
050 00$aHA30.6$b.H35 1990
082 00$a300/.1/5192$220
100 1 $aHaining, Robert P.
245 10$aSpatial data analysis in the social and environmental sciences /$cRobert Haining.
260 0 $aCambridge [England] ;$aNew York :$bCambridge University Press,$c1990.
300   $axxi, 409 p. :$bill., maps ;$c24 cm.
504   $aIncludes bibliographical references (p. 391-405) and index.
650  0$aSpatial analysis (Statistics)
650  0$aPopulation geography$xStatistical methods.
988   $a20020608
906   $0DLC

