LEADER 01048cam a2200265Ia 4500
001 002000211-4
005 20020606093309.7
008 900611s1990    fr a          010 0 fre d
035 0 $aocm21766648
035 0 $aocm21766648$zocm25238230$zocm26034534
040   $aFAV$bfre$cFAV$dFIL$dNYP$dHLS
041 0 $afrespa$bspafreeng
043   $ae-sp---$ae-po---$ae-fr---
245 00$aPaysages et sociétés :$bPéninsule ibérique, France, régions atlantiques : mélanges en hommage au professeur Abel Bouhier.
246 3 $aPéninsule ibérique, France, régions atlantiques.
246 3 $aMélanges en hommage au professeur Abel Bouhier.
260   $aPoitiers :$bCentre de géographie humaine et sociale, Université de Poitiers,$c1990.
300   $a640 p. :$bill. ;$c30 cm.
440  0$aTravaux du Centre de géographie humaine et sociale,$x0223-9272 ;$vno 17
600 10$aBouhier, Abel.
651  0$aSpain$xRural conditions.
651  0$aPortugal$xRural conditions.
651  0$aFrance$xRural conditions.
988   $a20020608
906   $0OCLC

