LEADER 00362nam a22001455u 4500
001 002000212-2
005 20020606093309.7
008 900925|1981    pl           |||||||pol|d
100 1 $aPodwysocki, Tadeusz.
245 10$aUjarzmianie Wisły.
250   $aWyd. 1.
260 0 $aWarszawa :$bMłodzieżowa Agencja Wydawn.,$c1981.
300   $a279 p.
988   $a20020608
906   $0MH

