LEADER 00952nam a2200241Ia 4500
001 002000213-0
005 20020606093309.7
008 880225s1979    ua            000 0 arard
010   $a   80960373 
035 0 $aocm17536897
035 0 $aocm17536897$zocm18400444
040   $aIXA$cIXA$dORZ
090   $aBP144$b.M368 1979
245 00$aMashrūʻāt qawānīn al-qaṣāṣ wa-al-diyyāt wa-al-ḥudūd al-sharʻīyah /$cal-Lajnah al-ʻUlyā li-Taṭwīr al-qawānīn Wafq Aḥkām al-Sharīʻah al-Islāmīyah ; [jamaʻahā] Muḥammad ʻAṭīyah Khamīs.
260   $a[Cairo] :$bDār al-Iʻtiṣām,$c1979.
300   $a156 p. ;$c17 cm.
500   $aAt head of title: Shabāb Muḥammad.
650  0$aCriminal law$zEgypt.
650  0$aCriminal law (Islamic law)
700 1 $aKhamīs, Muḥammad ʻAṭīyah.
710 2 $aLajnah al-ʻUlyā li-Taṭwīr al-Qawānīn Wafq Aḥkām al-Sharīʻah al-Islāmīyah.
988   $a20020608
906   $0OCLC

