LEADER 00492nam a22001455u 4500
001 002000214-9
005 20061113134653.0
008 900925|1984    unra          000|0 rus d
035 0 $aocm74497927
100 1 $aBlinov, Boris.
245 10$aKievskii stankostroitelʹnyi :$bk piatidesiatiletiiu Kievskogo ordena trudovogo Krasnogo Znamena zavoda stankov-avtomatov imeni M. Gorʹkogo /$cB.N. Blinov.
260 0 $aKiev :$b"Tekhnika",$c1984.
300   $a221 p. :$bill. ;$c17 cm.
988   $a20020608
906   $0MH

