LEADER 01477cas a2200349 a 4500
001 002000215-7
005 20070119124728.0
008 930820u19439999is dn nea     0    0ger d
010   $asn 93031390 
020   $a359835150X (silver microfiche)
035 0 $aocm28659898
040   $aHLS$cHLS$dHUL
042   $alcd
245 00$aJedioth chadashoth
246 11$aNeuste Nachrichten
246 3 $aYediʻot ḥadashot
246 3 $aBlumenthal's neuste Nachrichten
246 3 $aBNN
246 3 $aUebersetzung der neusten Tages Nachrichten aus den palaestinensischen Zeitungen
246 3 $aUebersetzung der neuesten Tages Nachrichten aus den Zeitungen Erez Israels
246 3 $aNeuesten Tages Nachrichten
260   $aTel Aviv :$bNear East Pub. Co.,
310   $aDaily (except Saturday)
362 0 $aTitle varies: Uebersetzung der neusten Tages Nachrichten aus den palaestinensischen Zeitungen (1936) ; Uebersetzung der neuesten Tages Nachrichten aus den Zeitungen Erez Israels (1936); Blumenthal's neuste Nachtrichten/BNN (1937-1943); Jedioth Chadashoth in 1943.
500   $aPublisher changes to Jedioth Chadashot, Ltd. in 1949.
651  0$aIsrael$vNewspapers.
650  0$aJews, German$zIsrael$vPeriodicals.
752   $aIsrael$dTel Aviv.
830  0$aGerman newspapers from Palestine and Israel ;$vsection I : part 1
830  0$aGerman newspapers from Palestine and Israel ;$vsection II : part 1 : installments 1-2
988   $a20020608
906   $0MH

