LEADER 00501nam a2200193Ia 4500
001 002000216-5
005 20020606093309.7
008 871109s1981    pl            000 0 pol d
020   $a8321568181
035 0 $aocm16953219
040   $aOSU$cOSU$dHLS
090   $aPG7169.A56$bS94 1981
100 1 $aJankowski, Zbigniew.
245 10$aSzkice do oceanu /$cZbigniew Jankowski.
250   $aWyd. 1.
260   $aGdańsk :$bWydawn. Morskie,$c1981.
300   $a137 p. ;$c17 cm.
988   $a20020608
906   $0OCLC

