LEADER 00361nam a22001335u 4500
001 002000217-3
005 20020606093309.7
008 900925|1908    mx           |||||||spa|d
110 1 $aCampeche (Mexico : State)
245 10$aReglamento de la orgánica de tribunales del estado de Campeche.
250   $aEd. oficial.
260 0 $aCampeche,$c1908.
988   $a20020608
906   $0MH

