LEADER 00813nbc a2200229Ia 4500
001 002000218-1
005 20020606093309.7
008 901129r17311774scu     a           eng d
035 0 $aocm22756260
040   $cHLS
043   $an-us-sc
110 1 $aSouth Carolina.$bSecretary of State.$bOffice of the Surveyor General.
245 10$aRecords of the Secretary of State, Office of the Surveyor General.$pColonial plats$f[1731-1774]$hmicroform :$bcopies.
246 3 $aColonial plats.
300   $a<v. 1, 4>
500   $a"AD505": v. 1; "AD585": v. 4.
500   $aEach vol. indexed.
610 10$aSouth Carolina.$bSecretary of State.$bOffice of the Surveyor General$xArchives.
651  0$aSouth Carolina$xSurveys.
710 1 $aSouth Carolina.$bDepartment of Archives and History.
988   $a20020608
906   $0MH

