LEADER 00850aam a2200289 a 4500
001 002000219-X
005 20020606093309.7
008 900518s1990    ii ab    b    00110 eng  
010   $a   90902876 
020   $a8185425027 (set) :$cRs550.00
020   $a8185425035
020   $a8185425043
035 0 $aocm21675837
040   $aDLC$cDLC$dHLS
043   $aa-np---
050 00$aDS495.3$b.S54 1990
082 00$a954.96$220
100 1 $aShaha, Rishikesh.
245 10$aModern Nepal :$ba political history, 1769-1955 /$cRishikesh Shaha.
260 0 $aNew Delhi :$bManohar,$c1990.
300   $a2 v. :$bill., folded maps ;$c22 cm.
500   $aIncludes indexes.
504   $aIncludes bibliographical references.
505 0 $av. 1. 1769-1885 -- v. 2. 1885-1955.
651  0$aNepal$xPolitics and government.
988   $a20020608
906   $0DLC

