LEADER 00710cam a2200241 a 4500
001 002000220-3
005 20020606093309.7
008 820609m19819999pl       b    000 0 pol  
010   $a   81216704 //r88
015   $aP***
020   $a8308006701 (set) :$czł35.00 (v. 1)
035 0 $aocm08554623
040   $aDLC$cDLC$dHLS
050 0 $aPN1994$b.J23 1981
100 1 $aJackiewicz, Aleksander.
245 10$aFenomenologia kina /$cAleksander Jackiewicz.
260   $aKraków :$bWydawn. Literackie,$c1981-
300   $av. <1 > ;$c22 cm.
500   $aVol. 1- includes bibliographical references.
505 1 $at. 1. Narodziny dzieła filmowego.
650  0$aMotion pictures.
988   $a20020608
906   $0DLC

