LEADER 00279nas a22001095u 4500
001 002000221-1
005 20020606093309.7
008 900925c19311953is || p||    |||||||hun|d
245 00$aNeounk$hmicroform
260 00$aJerusalem :$bJewish National and University Library,
988   $a20020608
906   $0MH

