LEADER 02079pam a2200325 a 4500
001 002000222-X
005 20020606093309.7
008 900515s1991    enk      b    00100 eng  
010   $a   90006460 
020   $a0719025559
035 0 $aocm23584085
040   $aDLC$cDLC$dHLS
043   $ad------
050 00$aHD6060.65.D44$bM35 1990
082 00$a306.3/615/091726$220
245 00$aMale bias in the development process /$cedited by Diane Elson.
260 0 $aManchester ;$aNew York :$bManchester University Press ;$aNew York, NY, USA :$bDistributed exclusively in the USA and Canada by St. Martin's Press,$cc1991.
300   $aviii, 215 p. ;$c23 cm.
440  0$aContemporary issues in development studies
500   $aSeries statement from jacket.
504   $aIncludes bibliographical references and index.
505 0 $aMale bias in the development process / Diane Elson -- Women, work and property in the Chinese peasant household of the 1980s / Delia Davin -- Changing gender relations in Zimbabwe : the case of individual family resettlement areas / Susie Jacobs -- The limits to women's independent careers : gender in the formal and informal sectors in Nigeria / Carolyne Dennis -- Informal sector or female sector? : gender bias in urban labour market models / Alison MacEwen Scott -- Male bias and women's work in Mexico's border industries / Ruth Pearson -- Male bias in macro-economics : the case of structural adjustment / Diane Elson -- Overcoming male bias / Diane Elson.
650  0$aSexual division of labor$zDeveloping countries.
650  0$aSex role in the work environment$zDeveloping countries.
650  0$aSex discrimination in employment$zDeveloping countries.
650  0$aSex discrimination against women$zDeveloping countries.
700 1 $aElson, Diane.
776 08$iOnline version:$tMale bias in the development process.$dManchester ; New York : Manchester University Press ; New York, NY, USA : Distributed exclusively in the USA and Canada by St. Martin's Press, ©1991$w(OCoLC)646950309
988   $a20020608
906   $0DLC

