LEADER 01164nam a2200301 a 4500
001 002000223-8
005 20020606093309.7
008 900330s1985    unraf         000 0aruso 
010   $a   85207302 
020   $c0.95rub
035 0 $aocm19120447
040   $aDLC$cDLC$dHLS
043   $ae-ur---
050 00$aD811$b.B3624 1985
100 1 $aBatalov, G. M.$q(Grigoriĭ Mikhaĭlovich)
245 10$aRatnoe pole /$cG.M. Batalov ; [literaturnai︠a︡ zapisʹ I. Korbacha.].
260   $aKiev :$bIzd-vo Polit. lit-ry Ukrainy,$c1985.
300   $a213 p., [16] p. of plates :$bill. ;$c21 cm.
600 10$aBatalov, G. M.$q(Grigoriĭ Mikhaĭlovich)
610 10$aSoviet Union.$bRaboche-Krestʹi︠a︡nskai︠a︡ Krasnai︠a︡ Armii︠a︡$vBiography.
650  0$aWorld War, 1939-1945$xPersonal narratives, Russian.
650  0$aGenerals$zSoviet Union$vBiography.
655  7$aBiography.$2fast
655  7$aPersonal narratives$vRussian.$2fast
700 1 $aKorbach, Ivan.
776 08$iOnline version:$aBatalov, G.M. (Grigoriĭ Mikhaĭlovich).$tRatnoe pole.$dKiev : Izd-vo Polit. lit-ry Ukrainy, 1985$w(OCoLC)609680541
988   $a20020608
906   $0DLC

