LEADER 01760cam a2200361Ma 4500
001 002000224-6
005 20020606093309.7
008 920420s1989    it a     b    000 0dita d
020   $a8885116094
020   $z88851160904
035 0 $aocm25878011
040   $aPUL$cPUL$dYYP$dHLS
043   $ae-it---
090   $aDS135.I9$bD45 1989
100 1 $aDel Monte, Anna.
245 10$aRatto della Signora Anna del Monte, trattenuta a' Catecumini tredici giorni dalli 6 fino alli 19 maggio anno 1749 /$ca cura di Giuseppe Sermoneta.
260   $aRoma :$bCarucci,$c1989.
300   $a187 p. :$bill. ;$c25 cm. +$e1 folded leaf.
490 1 $aCentro ricerche e studi delle testimonianze medievali e moderne del giudaismo italiano ;$v1
500   $aExcerpts from the diary of Anna del Monte, together with an introduction by her brother Tranquillo del Monte, who originally edited and circulated these excerpts and a rhymed version of the events by Sabbato Moisè Mieli.
500   $aFolded leaf: "Editto / Ferdinando Maria de Rossi ... Arcivescovo di Tarso ... in Roma ... 1750."
504   $aIncludes bibliographical references.
600 10$aDel Monte, Anna,$dactive 18th century$xDiaries.
610 20$aCatholic Church$zItaly$xRelations$xJudaism$xHistory$y18th century$xSources.
650  0$aJews, Italian$zItaly$zRome$xDiaries.
650  0$aJews$xPersecutions$zItaly$zRome$xHistory$xSources.
650  0$aJews$zItaly$zRome$xHistory$y18th century$xSources.
700 1 $aSermoneta, Giuseppe.
700 1 $aDel Monte, Tranquillo.
700 1 $aMieli, Sabbato Moisè,$dactive 18th century.
830  0$aCentro ricerche e studi delle testimonianze medievali e moderne del giudaismo italiano (Series) ;$v1.
988   $a20020608
906   $0OCLC

