LEADER 00375nam a22001455u 4500
001 002000225-4
005 20020606093309.7
008 900925|1981    pl           |||||||pol|d
100 1 $aKwaśniewicz, Włodzimierz.
245 10$a1000 słów o broni białej i uzbrojeniu ochronnym.
250   $aWyd. 1.
260 0 $aWarszawa :$bMON,$c1981.
300   $a247 p.
988   $a20020608
906   $0MH

