LEADER 00917nam a2200253 a 4500
001 002000226-2
005 20020606093309.7
008 920911m19009999ua ab    b    000 0 ara  
010   $a   80960510 /NE
020   $a9770234001 (v. 3) :$c£E26.50
035 0 $aocm30477493
040   $aDLC$cDLC
043   $ama-----
050 00$aDS36.88$b.I27 1991
100 1 $aIbrāhīm, ʻAbd al-Ḥamīd.
245 13$aal-Wasaṭīyah al-ʻArabīyah :$bmadhhab wa-taṭbīq /$ctaʾlīf ʻAbd al-Ḥamīd Ibrāhīm.
250   $aal-Ṭabʻah 1.
260   $aal-Qāhirah, J.M.ʻA. :$bDār al-Maʻārif,$c<1991- >
300   $av. <3 > :$bill., maps ;$c24 cm.
504   $aIncludes bibliographical references (v. 3, p. 241-249).
505 0 $aal-Kitāb 1. al-Madhhab -- al-Kitāb 2. al-Taṭbīq -- al-Kitāb 3. Naḥwawasaṭīyah muʻāṣirah.
650  0$aCivilization, Arab$y20th century.
988   $a20020608
906   $0DLC

