LEADER 00860cas a2200301 a 4500
001 002000227-0
005 20020723131133.0
008 930824u1931uuuupe mr nea     0    0spa d
010   $asn 93031482 
035 0 $aocm28688729
040   $aHLS$cHLS$dHUL
042   $alcd
043   $as-pe---
130 0 $aNosotros (Lima, Peru : 1931)
245 00$aNosotros$h[microform].
260   $aLima :$bLa Unión,
300   $av. :$bill. ;$c34 cm.
310   $aMonthly
362 1 $aBegan in 1931?
500   $aDescription based on: Año 2, no. 19 (jul. de 1933); title from caption.
550   $aIssued <1933-> by: Unión Israelita del Péru.
650  0$aJews$vPeriodicals.
650  0$aJews$zPeru$vPeriodicals.
710 2 $aUnión Israelita del Péru.
776 1 $cOriginal$w(OCoLC)16998977
752   $aPeru$dLima.
988   $a20020608
906   $0MH

