LEADER 00716cas a2200265 a 4500
001 002000228-9
005 20020606093309.7
008 930824d194219uusa uu nea     0    0eng d
010   $asn 93031468 
035 0 $aocm28687596
040   $aHLS$cHLS$dHUL
041 0 $aengheb
042   $alcd
043   $af-sa---
245 00$aOur future$h[microform].
260   $aJohannesburg :$bMizrachi Organisation of South Africa,$c1942-
300   $av. :$bill.
362 0 $aVol. 1, no. 1 (14 Aug. 1942)-
500   $aTitle from caption.
546   $aIn English and Hebrew.
650  0$aJews$zSouth Africa$vPeriodicals.
710 2 $aMizrachi.
752   $aSouth Africa$dJohannesburg.
988   $a20020608
906   $0MH

