LEADER 00369nam a22001335u 4500
001 002000229-7
005 20020606093309.7
008 900925|1908    mx           |||||||spa|d
110 1 $aCampeche (Mexico : State)
245 10$aLey orgánica de los tribunales de justicia del estado de Campeche.
250   $aEdición oficial.
260 0 $aCampeche,$c1908.
988   $a20020608
906   $0MH

