LEADER 00695nam a2200229Ia 4500
001 002000230-0
005 20020606093309.7
008 900719s1989    pk af         00010 urdo 
010   $a   89932598 
020   $cRs55.00
035 0 $aocm22179325
040   $aDLC$cDLC$dHLS
043   $aa-af---
050 00$aIN PROCESS (ONLINE)
100 1 $aRizvi, Absar Hussain.
245 10$aAfg̲ẖānistān :$btabāhī o barbādī ke das sāl /$cAbṣar Ḥusain Riz̤vī.
260 0 $aIslāmābād :$bḤasan Riz̤vī,$c1989.
300   $a101 p., [22] p. of plates :$bill. ;$c25 cm.
500   $aIn Urdu.
651  0$aAfghanistan$xHistory$ySoviet occupation, 1979-1989
988   $a20020608
906   $0DLC

