LEADER 00831cas a22002657a 4500
001 002000231-9
005 20020606093309.7
008 930427d19211940fr mr p a     0    0fre d
010   $asn 93030457 
035 0 $aocm27990083
040   $aHUL$cHUL
042   $amsc
245 00$aPaix et droit$h[microform] :$borgane de l'Alliance israélite universelle.
260   $aParis :$bL'Alliance,$c[1921-1940]
300   $a20 v.
310   $aMonthly
362 0 $a1. année, no. 1 (janv. 1921)-20. année, no 1 à 3 (janv.-mars 1940).
500   $aTitle from caption.
650  0$aJews$vPeriodicals.
710 2 $aAlliance israélite universelle.
780 00$tBulletin (Alliance israélite universelle)
785 00$tBulletin intérieur (Alliance israélite universelle)
752   $aFrance$dParis
988   $a20020608
906   $0MH

