LEADER 01390cam a2200361I  4500
001 002000232-7
005 20090416232746.0
008 760216s1935    enkafh   b    000 0 eng  
010   $a   35022606 
035 0 $aocm01995452
040   $aDLC$cTYC$dVRC$dTOZ
050 0 $aGN27$b.P63
082   $a593$a[396]
100 1 $aPloss, Hermann Heinrich,$d1819-1885.
245 10$aWoman;$ban historical, gynæcological and anthropological compendium,$cby Hermann Heinrich Ploss, Max Bartels and Paul Bartels; edited by Eric John Dingwall; with more than 1000 illustrations in black-and-white and seven colour plates.
260   $aLondon,$bW. Heinemann, ltd.,$c1935
300   $a3 v.$billus. (incl. facsims.) col. plates.$c26 cm.
500   $aA translation based upon "Das weib in der natur- und völkerkunde. Anthropologische studien von dr H. Ploss," Leipzig, 1885, and later editions. cf. Pref.
504   $a"Short-title list of authorities quoted": v. 3, p. 435-543.
650  2$aWomen.
650  2$aObstetrics.
650  0$aWomen$vFolklore.
650  0$aWomen.
650  0$aEthnology.
650  0$aSex.
650  0$aObstetrics.
650  2$aMedicine, Traditional.
650  0$aWomen$xMythology.
700 1 $aBartels, Max$q(Maximilian),$d1843-1904.
700 1 $aBartels, Paul,$d1874-1914.
700 1 $aDingwall, Eric John,$eed.
988   $a20020608
906   $0DLC

