LEADER 00395nam a22001455u 4500
001 002000233-5
005 20020606093309.7
008 900925|1981    pl           |||||||pol|d
100 1 $aFranaszek, Antoni.
245 10$aDziałalność wielkorza̦dców krakowskich w XVI wieku.
260 0 $aKraków :$bMKiS, ZMiOZ,$c1981.
300   $a216 p.
440  0$aBiblioteka Wawelska ;$v5
988   $a20020608
906   $0MH

