LEADER 00834aam a2200277 a 4500
001 002000234-3
005 20020606093309.7
008 910427s1990    pk            00110 eng  
010   $a   90931099 
020   $a9694424356 :$cRs495.00
035 0 $aocm23187109
040   $aDLC$cDLC
043   $aa-pk---
050 00$aDS384$b.S45 1990
082 00$a954.91$220
100 10$aShehab, Rafi Ullah.
245 10$aFifty years of Pakistan /$cRafi Ullah Shehab.
246 3 $a50 years of Pakistan.
260 0 $aLahore :$bMaqbool Academy,$cc1990.
300   $ax, 592 p. ;$c22 cm.
500   $aIncludes index.
651  0$aPakistan$xHistory.
655  7$aHistory.$2fast
776 08$iOnline version:$aShehab, Rafi Ullah.$tFifty years of Pakistan.$dLahore : Maqbool Academy, ©1990$w(OCoLC)551691179
988   $a20020608
906   $0DLC

