LEADER 00949cam a2200289 a 4500
001 002000235-1
005 20020606093309.7
008 901219s1990    enka     b    001 0 eng d
010   $agb 90035418 
015   $aGB90-35418
020   $a1852640278 :$c£16.95 : CIP confirmed
035 0 $aocm21974286
040   $aUKM$cUKM$dORU$dHLS
043   $ae-uk-en$ae-uk---
050 14$aDA152
082 04$a942.010922$220
100 1 $aYorke, Barbara,$d1951-
245 10$aKings and kingdoms of early Anglo-Saxon England /$cBarbara Yorke.
260   $aLondon :$bSeaby,$c1990.
300   $aiv, 218 p. :$bill. ;$c24 cm.
504   $aIncludes bibliographical references (p. [196]-211) and index.
650  0$aAnglo-Saxons$xKings and rulers.
650  0$aMonarchy$zEngland$xHistory.
651  0$aGreat Britain$xHistory$yAnglo Saxon period, 449-1066.
651  0$aGreat Britain$xPolitics and government$y449-1066.
988   $a20020608
906   $0OCLC

