LEADER 00548cas a2200217 a 4500
001 002000236-X
005 20020606093309.7
008 930823d193919uuis dr nea     0    0eng d
010   $asn 93031447 
035 0 $aocm28682127
040   $aHLS$cHLS$dHUL
042   $alcd
245 00$aPalestine express$h[microform].
260   $aTel-Aviv :$bPalestine Express,$c1939-
300   $av.
310   $aDaily.
362 0 $aVol. 1, no. 1 (Dec. 22, 1939)-
651  0$aPalestine$vPeriodicals.
752   $aIsrael$dTel Aviv.
988   $a20020608
906   $0MH

