LEADER 00524nam a2200205Ia 4500
001 002000237-8
005 20020606093309.7
008 890209s1988    ii            00010 urdo 
010   $a   88905391 
020   $cRs10.00
035 0 $aocm19321749
040   $aDLC$cDLC$dHLS
100 0 $aSāḥil Aḥmad,$d1938-
245 10$aBarg nāmāh /$cSāḥil Aḥmad.
260 0 $aAllāhābād :$bLiṭrerī Buk Sinṭar,$c1988.
300   $a112 p. ;$c18 cm.
500   $aPoems.
500   $aIn Urdu.
988   $a20020608
906   $0DLC

