LEADER 00772nam a2200253Ia 4500
001 002000238-6
005 20100427185323.0
008 820415s1923    maua          000 0 eng d
035 0 $aocm08339674
040   $aKKP$cKKP$dHLS$dHMM
100 1 $aKatsainos, George Michel,$d1876-
245 10$aMarriage and syphilis :$ba treatise on eugenics /$cby George M. Katsainos.
260   $aBoston :$bWright & Potter,$cc1923.
300   $a162 p. :$bill. ;$c25 cm.
650  2$aEugenics.
650  2$aSyphilis.
650  2$aMarriage.
650  0$aMarriage.
650  0$aSyphilis.
650  0$aEugenics.
655  7$aAuthors' inscriptions (Provenance)$2rbprov$5sch
830  0$aHarvard medicine preservation microfilm project ;$v01256.$5mmf
988   $a20020608
906   $0OCLC

