LEADER 00630cas a2200241 a 4500
001 002000240-8
005 20020606093309.7
008 930824d19371943is wr nea     0    0ger d
010   $asn 93031467 
035 0 $aocm28687659
040   $aHLS$cHLS$dHUL
042   $alcd
245 00$aPress-echo$h[microform].
246 10$aPress echo
246 13$aHashavua$f14 Juli 1939-27 Dez. 1941
260   $aTel-Aviv :$bPress-echo,$c1937-1939.
300   $av.
310   $aWeekly
362 0 $aNo. 1 (14 Mai 1937)-7. Jahrg. (31. Aug. 1943).
500   $aTitle from caption.
752   $aIsrael$dTel Aviv.
988   $a20020608
906   $0MH

