LEADER 01560cam a2200385 a 4500
001 002000241-6
005 20020606093309.7
008 760525s1976    nyua     b    10100 eng  
010   $a   76018701 //r83
020   $a0470151501
035 0 $aocm02318080
040   $aDLC$cDLC$dm.c.$dHMS
041 0 $aeng$beng
050 0 $aRJ499.A1$bT47
060 00$aWS 350$bT531 1974-76
082   $a618.9/28/9
245 00$aThree clinical faces of childhood /$cedited by E. James Anthony and Doris C. Gilpin.
260 0 $aNew York :$bSP Books Division of Spectrum Publications : distributed by Halsted Press,$cc1976.
300   $a255 p. :$bill. ;$c24 cm.
500   $aProceedings of three workshops organized and held annually by the Washington University Child Guidance Clinic, St. Louis.
504   $aIncludes bibliographical references and index.
650  2$aDepression$xcongresses
650  2$aInhibition (Psychology)$xcongresses
650  2$aSocial Behavior Disorders$xcongresses
650  2$aInfant
650  2$aChild
650  0$aChild psychiatry$vCongresses.
650  0$aMentally ill children$vCongresses.
655  7$aConference proceedings.$2fast
700 1 $aAnthony, E. James$q(Elwyn James),$d1916-
700 1 $aGilpin, Doris C.
710 2 $aWashington University (Saint Louis, Mo.).$bChild Guidance Clinic.
776 08$iOnline version:$tThree clinical faces of childhood.$dNew York : SP Books Division of Spectrum Publications : Distributed by Halsted Press, ©1976$w(OCoLC)567995507
988   $a20020608
906   $0DLC

