LEADER 00708nam a2200193Ia 4500
001 002000242-4
005 20020606093309.7
008 910606s1989    it ab    b    100 0 eng d
035 0 $aocm23894403
040   $aGZM$cGZM$dHLS
090   $aLB3609$b.A44 1989
245 04$aThe age of adolescence and youth and the psychosocial profile of the university student :$binternational congress, Bologna, 9-11 giugno, 1988 /$ca cura di Marino Bosinelli e Fiorella Giusberti.
260   $aBologna : Editorice CLUEB,$cc1989.
300   $a214 p. :$bill., maps ;$c24 cm.
650  0$aCollege students$xPsychology$vCongresses.
700 1 $aBosinelli, Marino.
700 1 $aGiusberti, Fiorella.
988   $a20020608
906   $0OCLC

