LEADER 00695cas a2200241 a 4500
001 002000243-2
005 20020606093309.7
008 930825d191919uuun ir nea     0    0ger d
010   $asn 93031428 
035 0 $aocm28691838
040   $aHLS$cHLS$dHUL
042   $alcd
043   $ae-rm---$ae-ur-un
245 00$aOstjüdische Zeitung$h[microform].
260   $aCernăuţi :$bDie Zeitung,
300   $av. :$bill.
310   $aThree times a week
362 1 $aBegan in 1919.
500   $aDescription based on: Nr. 286 (13. Nov. 1924); title from caption.
650  0$aJews$zBukovina (Romania and Ukraine)$vPeriodicals.
752   $aUkraine$dChernivt︠s︡i
988   $a20020608
906   $0MH

