LEADER 00711pam a2200241 a 4500
001 002000244-0
005 20020606093309.7
008 910529s1990    enkabch       000 0 eng d
010   $agb 90038683 
015   $aGB90-38683
020   $a086299523X (pbk) :$c£7.95
035 0 $aocm22183479
040   $aUKM$cUKM$dHLS
043   $ae-uk-en
050 14$aDA690.B
082 04$a942.2357$220
245 00$aBroadstairs and St Peter's in old photographs /$ccollected by John Whyman.
260   $aStroud :$bSutton,$c1990.
300   $a157 p. :$bill., facsims., 1 map, ports. ;$c22 cm.
651  0$aBroadstairs and St. Peters (England)$xPictorial works.
700 1 $aWhyman, John.
988   $a20020608
906   $0OCLC

