LEADER 00525nam a2200205Ia 4500
001 002000245-9
005 20020606093309.7
008 890209s1988    ii            00011 urdo 
010   $a   88905390 
020   $cRs20.00
035 0 $aocm19321743
040   $aDLC$cDLC$dHLS
100 0 $aSāḥil Aḥmad,$d1938-
245 10$aCihrah /$cSāḥil Aḥmad.
260 0 $aAllāhābād :$bLiṭreri Buk Sinṭar,$c1988.
300   $a128 p. ;$c18 cm.
500   $aShort stories.
500   $aIn Urdu.
988   $a20020608
906   $0DLC

