LEADER 00765pam a2200241 a 4500
001 002000246-7
005 20020606093309.7
008 901205s1990    nyu      b    001 0 eng d
010   $agb 90029635 
015   $aGB90-29635
020   $a0745007503 :$c£25.00
035 0 $aocm21596664
040   $aUKM$cUKM$dHLS
082 04$a302.3$220
245 00$aSocial identity theory :$bconstructive and critical advances /$cedited by Dominic Abrams & Michael A. Hogg.
260   $aNew York :$bHarvester Wheatsheaf,$c1990.
300   $aviii, 297 p. ;$c24 cm.
504   $aIncludes bibliographical references (p. 250-293) and index.
650  0$aGroup identity.
700 1 $aAbrams, Dominic,$d1958-
700 1 $aHogg, Michael A.,$d1954-
988   $a20020608
906   $0OCLC

