LEADER 00341nam a22001335u 4500
001 002000247-5
005 20020606093309.7
008 900925|1895    mx           |||||||spa|d
110 1 $aCampeche (Mexico : State)
245 10$aLey orgánica de tribunales.
250   $aEdición oficial.
260 0 $aCampeche de Barenda,$c1895.
988   $a20020608
906   $0MH

