LEADER 00986nam a2200241I  4500
001 002000248-3
005 20020606093309.7
008 900925s1912    gw            000|0 ger d
035 0 $aocm01072308
040   $aCOO$cCOO
043   $aac-----$aa-cc---
050  4$aDS710$b.S18I3 1912
090   $aDS710$b.S18I3 1912
100 1 $aSalzmann, Erich von,$d1876-1941.
245 10$aIm Sattel durch Zentralasien;$b6000 kilometer in 176 Tagen.$cMit vielen Bildern, meist nach Originalaufnahmen des Verfassers, einer Übersichtskarte und 8 Kartenskizzen.
250   $a11.-13. Tausend.
260   $aBerlin,$bGlobus Verlag,$c1912 [Vorwort 1903]
300   $a311 p.$billus., maps.$c26cm.
651  0$aAsia, Central$xDescription and travel.
651  0$aChina$xDescription and travel.
776 08$iOnline version:$aSalzmann, Erich von, 1876-1941.$tIm Sattel durch Zentralasien.$b11.-13. Tausend.$dBerlin, Globus Verlag, 1912 [Vorwort 1903]$w(OCoLC)880568921
988   $a20020608
906   $0OCLC

