LEADER 00847nam a2200241 a 4500
001 002000249-1
005 20020606093309.7
008 900925s1988    sp       b    001|0bspa d
020   $a8470092863
035 0 $aocm23014796
100 1 $aMarín, Pero,$dactive 13th century.
240 10$aMiraculos romançados
245 15$aLos "Miraculos romançados" de Pero Marin /$cedición crítica, introducción e índices por Karl-Heinz Anton.
260   $a[Burgos, Spain] :$bAbadía de Silos,$c1988.
300   $a438 p. ;$c24 cm.
440  0$aStudia Silensia ;$v14
504   $aIncludes bibliographical references (p. [35]) and indexes.
600 00$aDominic,$cof Silos, Saint,$d-1073$xMiracles.
650  0$aMiracles$xEarly works to 1800.
650  0$aChristian saints$zSpain$xLegends.
700 1 $aAnton, Karl-Heinz.
988   $a20020608
906   $0MH

