LEADER 00958cam a2200325I  4500
001 002000250-5
005 20020606093309.7
008 760112s1934    xx            000 0 eng  
010   $a   34017290 
035 0 $aocm01921021
040   $aDLC$cIXA$dIXA$dOCL$dHMS
041   $aeng$hger
050 0 $aHQ73$b.W82
060 00$aWM 610$bW962w 1934
082   $a364
100 1 $aWulffen, Erich,$d1862-1936.
245 10$aWoman as a sexual criminal,$cby Doctor Erich Wulffen: translated into English by David Berger, M. A.
260   $aNew York,$bAmerican Ethnological Press,$c1934.
300   $a2 p. ℓ., 7-528 p.$bplates.$c24 cm.
650  0$aFemale offenders.
650  0$aParaphilias.
650  0$aCrime.
650  0$aCriminals.
650  0$aFemale sex offenders.
650  0$aPsychosexual disorders.
650  0$aForensic psychiatry.
650  2$aParaphilias.
700 1 $aBerger, David,$d1906-$etr.
988   $a20020608
906   $0DLC

