LEADER 00771pam a2200265 a 4500
001 002000251-3
005 20020606093309.7
008 911010s1990    enkach        000 0 eng d
010   $agb 90038682 
015   $aGB90-38682
020   $a0862997186 (pbk) :$c£7.95
035 0 $aocm22183468
040   $aUKM$cUKM$dHLS
043   $ae-uk-en
050 14$aDA690.L763
082 04$a942.267$220
245 00$aLittlehampton in old photographs /$ccollected by Iris Jones and Daphne Stanford.
260   $aStroud :$bSutton,$c1990.
300   $a160 p. :$bill., facsims., ports. ;$c22 cm.
651  0$aLittlehampton (England)$xHistory.
653   $aWest Sussex (England)$aHistory
700 1 $aJones, Iris.
700 1 $aStanford, Daphne.
988   $a20020608
906   $0OCLC

