LEADER 00446nam a2200181 a 4500
001 002000252-1
005 20020606093309.7
008 900925s1885    le            000|0 ara d
035 0 $aocm23489085
040   $aEYM$cEYM
050  4$aPJ 6111$b.D54 1885
100 1 $aDibs, Yūsuf,$d1833-1907.
245 10$aMughnī al-mutaʻallim.
260   $c1885
300   $a186, 59 p.$c22 cm.
650  0$aArabic language$xGrammar.
988   $a20020608
906   $0OCLC

