LEADER 00948aam a2200265 a 4500
001 002000253-X
005 20020606093309.7
008 910515s1990    sp a     b    10000 spa  
010   $a   91153055 
020   $z847003177
035 0 $aocm24069673
040   $aDLC$cDLC$dHLS
043   $ae-sp---
050 00$aNA5811.S48$bR66 1990
082 00$a726/.7/0946353$220
245 03$aEl Románico en Silos :$bIX centenario de la consagración de la iglesia y claustro, 1088-1988.
260 0 $aBurgos :$bAbadía de Silos,$c1990.
300   $a606 p. :$bill. (some col.);$c30 cm.
440  0$aStudia Silensia.$pSeries maior ;$v1
504   $aIncludes bibliographical references.
610 20$aSanto Domingo de Silos (Benedictine abbey)
650  0$aArchitecture, Romanesque$zSpain$zBurgos (Province)$vCongresses.
650  0$aChristian art and symbolism$yMedieval, 500-1500$zSpain$zBurgos (Province)$vCongresses.
988   $a20020608
906   $0DLC

