LEADER 00979cas a2200313Ia 4500
001 002000254-8
005 20020606093309.7
008 800324d19361978sa wr n       0   a0eng d
010   $asn 88088692 
035 0 $aocm06119842
040   $aHUC$cHUC$dDLC$dHUL
042   $amsc
043   $af-sa---
050 00$aNewspaper 3556
245 00$aS. African Jewish times.
246 10$aSouth African Jewish times
260   $aJohannesburg [South Africa] :$bUnion Publications Ltd.,$c-1978.
300   $av. :$bill. ;$c44-47 cm.
310   $aWeekly
362 1 $aBegan with July 17, 1936 issue.
362 0 $a-v. 40, no. 9 (Nov. 29, 1978).
500   $aDescription based on: Vol. 6, no. 10 (Sept. 19, 1941); title from caption.
650  0$aJewish newspapers$zSouth Africa.
650  0$aJews$vPeriodicals.
780 02$tSouth African Ivry
785 00$tJewish times (Johannesburg, South Africa)
752   $aSouth Africa$dJohannesburg.
988   $a20020608
906   $0OCLC

