LEADER 00772cam a2200253Ia 4500
001 002000255-6
005 20070403114850.0
008 860715s1980    ua a          000 0 arard
010   $a   80960670 
020   $z9773211467
035 0 $aocm13869394
035 0 $aocm13869394$zocm18085584$zocm23494936
040   $aIXA$cIXA$dOCL$dNYP
090   $aBP172.5.C6$bY87 1980
100 1 $aYūsuf, ʻAbd al-Tawwāb.
245 13$aal-Hilāl wa-al-ṣalīb /$cʻAbd al-Tawwāb Yūsuf ; rusūm Nājī.
260   $a[Cairo] :$bMaktabat Rūz al-Yūsuf,$c1980.
300   $a50 p. :$bill. ;$c25 cm.
610 20$aCoptic Church$xRelations$xIslam.
650  0$aIslam$xRelations$xCoptic Church.
650  0$aCopts$zEgypt.
752   $aEgypt$dCairo.
988   $a20020608
906   $0OCLC

