LEADER 00522nam a2200205Ia 4500
001 002000256-4
005 20020606093309.7
008 890623s1989    ii            00010 urdo 
010   $a   89901900 
020   $cRs50.00
035 0 $aocm20015006
040   $aDLC$cDLC$dHLS
100 1 $aIʻjāz, Fe. Sīn.
245 10$aLāsharīk :$bmanẓūmāt /$cF.S. Iʻjāz.
260 0 $aKalkattah :$bInshā Pablīkeshanz,$c1989.
300   $a104 p. ;$c22 cm.
500   $aPoems.
500   $aIn Urdu.
988   $a20020608
906   $0DLC

