LEADER 00822nam a2200277 a 4500
001 002000257-2
005 20020606093309.7
008 900704s1987    enkac         001 0 eng d
010   $agb 90038555 
015   $aGB90-38555
020   $a1870872002 (pbk) :$c£4.95
035 0 $aocm22182730
040   $aUKM$cUKM$dHLS
043   $ae-uk-en
050 14$aDA690.Y
082 04$a942.389$220
245 00$aOld Yeovil :$ba collection of interesting pictures from the past /$ccompiled by F. M. Clemas.
260   $aYeovil :$bFox,$cc1987.
300   $a40 p. :$bchiefly ill, ports. ;$c21 x 30 cm.
500   $aIncludes index.
500   $aPhotograph and index on inside covers.
651  0$aYeovil (England)$xHistory.
653   $aSomerset$aYeovil, history
700 1 $aClemas, F. M.
988   $a20020608
906   $0OCLC

