LEADER 01306aam a2200313 a 4500
001 002000258-0
005 20020606093309.7
008 901105s1989    it       b    10000dita  
010   $a   90212571 
020   $a8874973616 :$cL18000
035 0 $aocm22891205
040   $aDLC$cDLC$dHLS
043   $ae-it---
050 00$aPQ4688.D44$bZ6 1985
082 00$a851/.912$220
111 2 $aConvegno di studi "Modesto Della Porta nella società abruzzese"$d(1985 :$cGuardiagrele, Italy)
245 10$aModesto Della Porta nella società abruzzese :$batti del convegno, Guardiagrele, 14 settembre 1985 /$ca cura di Francesco Lullo e Umberto Russo.
260 0 $aChieti :$bM. Solfanelli,$cc1989.
300   $a127 p. ;$c24 cm.
440  2$aI Diamanti ;$v5
504   $aIncludes bibliographical references.
600 10$aDella Porta, Modesto,$d1885-1938$vCongresses.
651  0$aAbruzzo (Italy)$xIntellectual life$y20th century$vCongresses.
655  7$aConference proceedings.$2fast
700 1 $aLullo, Francesco.
700 1 $aRusso, Umberto.
776 08$iOnline version:$aConvegno di studi "Modesto Della Porta nella società abruzzese" (1985 : Guardiagrele, Italy)$tModesto Della Porta nella società abruzzese.$dChieti : M. Solfanelli, ©1989$w(OCoLC)891407040
988   $a20020608
906   $0DLC

