LEADER 00759cas a22002777a 4500
001 002000259-9
005 20020606093309.7
008 930706u19259999rm wr nea     0    0rum d
010   $asn 93031257 
035 0 $aocm28385457
040   $dHUL
042   $amsc
043   $ae-rm---
245 00$aRenașterea noastră$h[microform].
246 17$aRenașterea
260   $aBucurești :$bIndreptarea,$c1925-
300   $av.
310   $aWeekly,$bJuly 1926-
321   $aSemiweekly,$bOct. 1925-June 1926
362 0 $aAnul 2, no. 59 (10 Oct. 1925)-
650  0$aJews$vPeriodicals.
650  0$aJews$zRomania$vPeriodicals.
780 00$tRenașterea$w(OCoLC)28464167$w(DLC)sn 93030988
752   $aRomania$dBucharest.
988   $a20020608
906   $0MH

