LEADER 00538nam a2200181I  4500
001 002000260-2
005 20020606093309.7
008 750709s1904    enk           000 0 eng d
035 0 $aocm01439058
040   $aTOL$cTOL$dm.c.$dHLS
100 1 $aBalzac, Honoré de,$d1799-1850.
240 10$aPhysiologie du mariage.$lEnglish
245 14$aThe physiology of marriage,$cby Honoré de Balzac.
260   $aLondon :$bPrivately printed [by Strangeways & sons]$c1904.
300   $a354 p.$c23 cm.
650  0$aMarriage.
988   $a20020608
906   $0OCLC

