LEADER 00803nam a2200253Ia 4500
001 002000261-0
005 20020606093309.7
008 900707s1981    pl       b    001 0 pol d
020   $a8320800773$czł 58,-
035 0 $aocm21969333
040   $aFUG$cFUG$dHLS
041 0 $apol$bengrus
090   $aHB820$b.S921 1981
100 1 $aSzczepański, Jan,$d1913-
245 10$aKonsumpcja a rozwój człowieka :$bwstęp do antropologicznej teorii konsumpcji /$cJan Szczepański.
250   $aWyd. 1.
260   $aWarszawa :$bPaństwowe Wydawnictwo Ekonomiczne,$c1981.
300   $a349 p. ;$c20 cm.
500   $aSummaries in English and Russian.
504   $aIncludes bibliographical references.
650  0$aConsumption (Economics)
650  0$aApplied anthropology.
988   $a20020608
906   $0OCLC

