LEADER 00370nam a22001335u 4500
001 002000262-9
005 20020606093309.7
008 900925|1891    mx           |||||||spa|d
110 1 $aCampeche (Mexico : State)
245 10$aReglamento de la carcel pública de la ciudad de Campeche.
250   $aEdición oficial reformada.
260 0 $aCampeche,$c1891.
988   $a20020608
906   $0MH

