LEADER 00673cam a2200217Ka 4500
001 002000263-7
005 20020606093309.7
008 870127s1983    sp ach   b    001 0 spa d
035 0 $aocm15117662
040   $aISS$cISS$dOCL$dHLS
043   $ae-sp---
090   $aBX2656.S5$bA5 1983
100 1 $aAlamo, Constantino del,$d1945-
245 10$aSilos, cien años de historia (1880-1980) /$cC. del Alamo Martinez.
260   $aMadrid :$bSeyma,$c1983.
300   $a253 p. :$bill., ports., facsims. ;$c28 cm.
500   $aIncludes index.
504   $aBibliografia: p. 251-253.
610 20$aSanto Domingo de Silos (Benedictine abbey)$xHistory.
988   $a20020608
906   $0OCLC

