LEADER 00846nam a22002658a 4500
001 002000264-5
005 20020606093309.7
008 900226s1991    enk      b    00110 eng  
010   $a   90033510 
020   $a0415048397 :$c$19.95
035 0 $aocm21228657
040   $aDLC$cDLC$dSLR
043   $aa-ii---
050 00$aHD6190.C34$bS73 1990
082 00$a331.4/0954/147$220
100 1 $aStanding, Hilary.
245 10$aDependence and autonomy :$bwomen's employment and the family in Calcutta /$cHilary Standing.
260 0 $aLondon ;$aNew York, NY :$bRoutledge,$c1991.
300   $ax, 198 p. ;$c22 cm.
504   $aIncludes bibliographical references.
650  0$aWomen$xEmployment$zIndia$zKolkata.
650  0$aSexual division of labor$zIndia$zKolkata.
650  0$aHome economics$zIndia$zKolkata.
988   $a20020608
906   $0DLC

