LEADER 00684nam a2200169 a 4500
001 002000265-3
005 20020606093309.7
008 900925s1863    iq            000|p ara d
100 1 $aDāwud, Yūsuf,$d1829-1890.
245 10$aTanzīh al-albāb fī ḥadāʾiq al-ādāb /$cjamaʻahu wa-rattabahu Yūsuf Dāwūd al-Siryānī.
260   $aMawṣil :$bDayr al-Ābāʾ al-Dūminikiyīn,$c1863.
300   $a168 p. ;$c20 cm.
500   $a"Kitāb yashtamilu ʻalʹa ṭaraf min al-ṭaff ma jāʻa fī al-ʻArabīyah min nathr wa-naẓm ḥaththā ʻalʹa al-maʻrūf wa-zajran ʻan al-munkar."
650  0$aArabic language$xAnthologies.
752   $aIraq$dMosul.
988   $a20020608
906   $0MH

