LEADER 00725nam a2200241 a 4500
001 002000266-1
005 20020606093309.7
008 900704s1987    enkab         000 0 eng d
010   $agb 90038715 
015   $aGB90-38715
020   $a0950894982 (pbk) :$c£2.25
035 0 $aocm22183665
040   $aUKM$cUKM$dHLS
043   $ae-uk-en
050 14$aDA690.K4
082 04$a942.487$220
100 1 $aTisdale, Eileen,$d1916-
245 10$aStill looking back :$bthe continuing story of a Kenilworth family 1937 to 1987 /$cEileen Tisdale.
260   $aKenilworth :$bOdibourne,$c1987.
300   $a41 p. :$bill., ports. ;$c22 cm.
653   $aWarwickshire$aKenilworth$aSocial life, history
988   $a20020608
906   $0OCLC

