LEADER 00351nam a22001455u 4500
001 002000267-X
005 20020606093309.7
008 900925|1981    pl           |||||||pol|d
100 2 $aSkarżyńska-Bocheńska, Krystyna.
245 10$aSpostrzeganie ludzi.
250   $aWyd. 1.
260 0 $aWarszawa :$bPWN,$c1981.
300   $a394 p.
988   $a20020608
906   $0MH

