LEADER 00647cas a22002417a 4500
001 002000268-8
005 20040504133900.0
008 930422d192u19uuti wr nea     0    0fre d
010   $asn 93030449 
035 0 $aocm27965288
040   $aHUL$cHUL
042   $amsc
245 03$aLe Réveil juif$h[microform].
260   $aSfax :$bRéveil Juif,
300   $av.
310   $aWeekly
500   $aDescription based on: 2. année, no 28 (20 mars 1925).
500   $aPublished: Tunis, Apr. 1930-
525   $aHas occasional unnumbered supplements.
650  0$aJews$vPeriodicals.
752   $aTunisia$dṢafāqis.
988   $a20020608
906   $0MH

