LEADER 00999nam a22002295u 4500
001 002000269-6
005 20150516045534.0
008 900925|1955    mnu          |||||||eng|d
035 0 $aocm14660689
050  4$aRC424$b.J764
060 00$aWM 475$bJ71st 1955
245 00$aStuttering in children and adults /$bthirty years of research at the University of Iowa /$cedited by Wendell Johnson.
260 0 $aMinneapolis :$bUniversity of Minnesota Press,$c1955.
504   $aIncludes bibliographical references and index.
650  0$aStuttering.
650  2$aStuttering.
710 2 $aUniversity of Iowa.
776 08$iOnline version:$aJohnson, Wendell, 1906-1965.$tStuttering in children and adults.$dMinneapolis, Univ. of Minnesota Press [©1955]$w(OCoLC)599322260
776 08$iOnline version:$aJohnson, Wendell, 1906-1965.$tStuttering in children and adults.$dMinneapolis, Univ. of Minnesota Press [©1955]$w(OCoLC)612844426
730 0 $aProject Muse UPCC books$5net
988   $a20020608
906   $0MH

