LEADER 00535nam a2200205Ia 4500
001 002000270-X
005 20020606093309.7
008 890825s1989    ii            00011 urdo 
010   $a   89902894 
020   $cRs60.00
035 0 $aocm20358206
040   $aDLC$cDLC$dHLS
100 1 $aNakhat, Shamīm.
245 10$aDo ādhe :$bafsāne /$cShamīm Nakhat.
260 0 $aLakhnaʾū :$bTaqsīmkār Nuṣrat Pablisharz,$c1989.
300   $a271 p. ;$c23 cm.
500   $aShort stories.
500   $aIn Urdu.
988   $a20020608
906   $0DLC

