LEADER 00806cas a2200301 a 4500
001 002000271-8
005 20020606093309.7
008 930824d193619uufr wr pea     0    0fre d
010   $asn 93031474 
035 0 $aocm28687804
040   $aHLS$cHLS$dHUL
042   $alcd
043   $ae-fr---
130 0 $aSamedi (Paris, France)
245 10$aSamedi$h[microform].
246 16$aJournal juif
246 16$aArchives israélites
260   $aParis :$bSamedi,$c1936-
300   $av. :$bill.
310   $aWeekly
362 0 $a[Année 97,] no 13 (27 mars 1936)-
500   $aTitle from caption.
650  0$aJews$zFrance$vPeriodicals.
650  0$aJews$vPeriodicals.
650  0$aJudaism$vPeriodicals.
780 00$tJournal juif$w(DLC)sn 93031475$w(OCoLC)28687748
988   $a20020608
906   $0MH

