LEADER 00682nam a22002175a 4500
001 002000272-6
005 20020606093309.7
008 900907s1989    it a     b    001 0 ita  
010   $a   90192775 
035 0 $aocm22510887
040   $aDLC$cDLC$dHLS
043   $ae-sp---
090   $aDG815.7
100 1 $aBrizzi, Bruno.
245 13$aIl Tevere, un secolo di immagini /$cBruno Brizzi ; con un saggio di Piero Becchetti sull'Acqua mariana.
260   $aRoma :$bEditore Colombo,$cc1989.
300   $a278 p. :$bill. (some col.) ;$c30 cm.
504   $aIncludes bibliographical references and index.
651  0$aTiber River (Italy)$xPictorial works.
988   $a20020608
906   $0DLC

