LEADER 00409nam a22001335u 4500
001 002000273-4
005 20020606093309.7
008 900925|1945    mx           |||||||spa|d
110 1 $aCampeche (Mexico : State)
245 10$aLey orgánica del poder ejectivo del Estado y su reglamento.
260 0 $aCampeche, Camp., Méx.,$c1945.
500   $aAt head of title: Gobierno del estado de Campeche.
988   $a20020608
906   $0MH

