LEADER 00527nam a2200181 a 4500
001 002000274-2
005 20020606093309.7
008 900925s1934    le            000|0 ara d
100 1 $aKhūrī, Raʼīf,$d1913-1967.
245 10$aImruʾ al-Qays naqd wa-taḥlīl.
260 0 $aBayrūt :$bMaṭbaʻat Ṣāsir,$c1934.
300   $a98 p.
600 00$aImruʾ al-Qays,$d497-545.
650  0$aPoets, Arab$xBiography.
650  0$aArabic poetry$yTo 622$xHistory and criticism.
752   $aLebanon$dBeirut.
988   $a20020608
906   $0MH

