LEADER 00691nam a2200241 a 4500
001 002000275-0
005 20020606093309.7
008 900704s1989    enkac         000 0 eng d
010   $agb 90038153 
015   $aGB90-38153
020   $a0951504207 (pbk) :$c£4.50
035 0 $aocm22179414
040   $aUKM$cUKM$dHLS
082 04$a942.719$220
090   $ax
100 1 $aCarter, G. A.
245 12$aA history of Latchford from the Bronze Age to the 20th century /$cby G.A. Carter.
260   $aWarrington :$bK.Thomson,$c1989.
300   $a76 p. :$bill., maps, ports. ;$c25 cm.
504   $aBibliography: p75.
653   $aCheshire$aLatchford, history
988   $a20020608
906   $0OCLC

