LEADER 00769nam a2200241Ia 4500
001 002000276-9
005 20020606093309.7
008 821005s1980    ua bj    b   f000 0 araod
010   $a   80960506 
020   $z9773017466
035 0 $aocm08833185
040   $aWAU$cWAU
043   $af-ua---
090   $aHD976$b.A82 1980
100 1 $aʻArabī, Fawzī Raḍwān.
245 10$aNiẓām al-ḥiyāzah fī al-mujtamaʻ al-Badawī /$cFawzī Raḍwān al-ʻArabī.
260   $aal-Iskandarīyah :$bal-Hayʾah al-Miṣrīyah al-ʻĀmmah lil-Kitāb,$c1980.
300   $a201, [19] p. :$bgeneal. tables, maps ;$c24 cm.
504   $aBibliography: p. 295-301.
650  0$aLand tenure$zEgypt$zMersa Matruh.
650  0$aBedouins$zEgypt.
988   $a20020608
906   $0OCLC

