LEADER 01576nam a2200337 a 4500
001 002000277-7
005 20020606093309.7
008 880630m19341975dcub     b   f001|0 eng d
010   $a   35026191 //r874
035 0 $aocm00374966
035 0 $aocm00374966$zocm00478234$zocm02516200$zocm11354664
035 0 $aocm23262569
043   $an-us---
050 0 $aE173$b.C3
245 04$aThe Territorial papers of the United States /$cCompiled and edited by Clarence Edwin Carter.
260   $aWashington, D.C. :$bU.S. Govt. Print. Off., for sale by Supt. of Docs.,$c1934-1975.
300   $a28 v. :$bmaps ;$c23 cm.
500   $aVols. 2-14, 16-17 issued by the Dept. of State as its Publication no. 636, 647, 855, 1032, 1189, 1383, 1384, 1529, 1768, 1965, 2236, 3096, 3087, 3502, 3620.
500   $aVols. 1-14, 16-17 issued by the U.S. Dept. of State as its publication no. 635, 636, 647, 855, 1032, 1189, 1383, 1384, 1529, 1768, 1965, 2236, 3087, 3096, 3502, 3620; vols. 15, 18-28, as a publication of the National Archives.
500   $aVols. 27-28 compiled and edited by John Porter Bloom.
500   $aIncludes index.
650  0$aArchives$zUnited States.
651  0$aUnited States$xHistory$xSources.
651  0$aUnited States$bTerritorial expansion.
700 1 $aCarter, Clarence, Edwin,$d1881-1961.
700 1 $aBloom, John Porter,$d1924-
710 1 $aUnited States.$bDepartment of State.
710 1 $aUnited States.$bNational Archives and Records Service.
830  0$aDepartment of State publication ;$v636, etc.
988   $a20020608
906   $0MH

