LEADER 00592cas a22002297a 4500
001 002000278-5
005 20020606093309.7
008 930419u19389999ag wr pea     0    0spa d
010   $asn 93030448 
035 0 $aocm27945093
040   $aHUL$cHUL
042   $amsc
043   $as-ag---
245 03$aLa Tribuna hebrea$h[microform].
260   $aBuenos Aires :$bLa Tribuna hebrea,$c1938-
300   $av. :$bill.
310   $aWeekly
362 0 $aAño 1, no. 1 (15 de abril de 1938)-
650  0$aJews$zArgentina$vPeriodicals.
650  0$aJews$vPeriodicals.
988   $a20020608
906   $0MH

