LEADER 00553nam a22001695u 4500
001 002000279-3
005 20020606093309.7
008 900925|1975    xr           |||||||cze|d
035 0 $aocn234335828
245 00$aSborník příspěvků k 30. výročí osvobození československa Sovětskou armádou.
246 3 $aSborník příspěvků k třicátému výročí osvobození Československa Sovětskou armádou.
260 0 $aPraha,$c1975.
300   $a316 p.
440  0$aHistorická geografie ;$v13
700 1 $aBoháč, Zdeněk.
988   $a20020608
906   $0MH

