LEADER 01026pam a2200289 a 4500
001 002000280-7
005 20050319134941.0
008 900302s1990    oruaf    b    001 0 eng  
010   $a   90033273 
020   $a0881921750
035 0 $aocm21301204
040   $aDLC$cDLC$dAGL$dDDO
043   $an-us---
050 00$aSB439$b.J66 1990
072  0$aF110
082 00$a635.9/5173$220
100 1 $aJones, Samuel B.,$d1933-
245 10$aGardening with native wild flowers /$cSamuel B. Jones, Jr., and Leonard E. Foote.
260   $aPortland, Or. :$bTimber Press,$cc1990.
300   $a195 p., [52] p. of plates :$bill. (some col.) ;$c24 cm.
504   $aIncludes bibliographical references (p. 177-180) and indexes.
650  0$aWild flower gardening.
650  0$aWild flower gardening$zUnited States.
700 1 $aFoote, Leonard E.
776 08$iOnline version:$aJones, Samuel B., 1933-$tGardening with native wild flowers.$dPortland, Or. : Timber Press, ©1990$w(OCoLC)755495228
988   $a20020608
906   $0DLC

