LEADER 00476nam a22001575u 4500
001 002000281-5
005 20020606093309.7
008 900925|1982    pl           |||||||pol|d
035 0 $aocm38811975
245 10$aNa powitanie ZMW 1980 :$bpublicystyka z lat 1956-1957 /$cwybór i oprac. S. Jarecka-Kimlowska.
250   $aWyd. 1.
260 0 $aWarszawa :$bLudowa Spółdzielnia Wydawn.,$c1982.
300   $a205 p.
700 2 $aJarecka-Kimlowska, Stanisława.
988   $a20020608
906   $0MH

