LEADER 00838cas a2200289 a 4500
001 002000282-3
005 20020606093309.7
008 930823d193u19uuua wr pea     0   b0fre d
010   $asn 93030463 
035 0 $aocm28680747
040   $aHLS$cHLS$dHUL
042   $alcd
043   $aa-is---$af-ua---
130 0 $aTribune juive (Alexandria, Egypt)
245 03$aLa Tribune juive$h[microform].
260   $aAlexandrie :$bLa Tribune juive,
300   $av.
310   $aWeekly
500   $aPublished also in Cairo, no. 34-
500   $aDesciption based on: No. 13 (lundi, 15 juin 1936); title from caption.
525   $aIncludes special issues.
650  0$aJews$vPeriodicals.
650  0$aJews$zEgypt$vPeriodicals.
650  0$aJews$zIsrael$vPeriodicals.
650  0$aJudaism$vPeriodicals.
988   $a20020608
906   $0MH

