LEADER 00981cam a22003018a 4500
001 002000283-1
005 20020606093309.7
008 890501s1990    flu      b    00110 eng  
010   $a   89034220 
020   $a0894643274 (alk. paper)
035 0 $aocm19739983
040   $aDLC$cDLC$dMCS
043   $aa------
050 00$aQL666.L2$bW37 1990
082 00$a597.95/095$220
100 1 $aWelch, Kenneth R. G.
245 10$aLizards of the orient :$ba checklist /$cby K.R.G. Welch, P.S. Cooke, and A.S. Wright.
250   $aOriginal ed.
260 0 $aMalabar, FL :$bR.E. Krieger Pub. Co.,$c1990.
300   $av, 162 p. ;$c24 cm.
500   $aIncludes indexes.
504   $aBibliography: p. 129-150.
650  0$aLizards$zOrient.
700 1 $aCooke, P. S.
700 1 $aWright, A. S.
776 08$iOnline version:$aWelch, Kenneth R.G.$tLizards of the Orient.$bOriginal ed.$dMalabar, Fla. : R.E. Krieger Pub. Co., 1990$w(OCoLC)690872790
988   $a20020608
906   $0DLC

