LEADER 00420nam a22001577u 4500
001 002000284-X
005 20020606093309.7
008 900925|1990    is           |||||||heb|d
035 0 $aocm22756632
100 1 $aOzer, Yossi.
245 10$aShem u-malkhut /$cshirim shel Yosef ʻOzer.
260 0 $a[Tel Aviv] :$bʻEḳed,$c[750, 1990]
300   $a58 p. :$bport. ;$c24 cm.
752   $aIsrael$dTel Aviv
988   $a20020608
906   $0MH

