LEADER 00590cam a2200193Ia 4500
001 002000285-8
005 20101020172707.0
008 851023s1984    rur           000 1 rusod
035 0 $aocm12709858
040   $aWAU$cWAU$dIUL$dHLS
041 1 $arus$hgeo
090   $aPK9169.D57$bO3 1984
100 1 $aDočʻanašvili, Guram,$d1939-
240 10$aSamoseli pirveli.$lRussian
245 10$aOdari͡u tebi͡a trizhdy :$broman /$cGuram Dochanashvili ; perevod s gruzinskogo Ė. Dzhaliashvili.
260   $aMoskva :$bSov. pisatelʹ,$c1984.
300   $a495 p. ;$c21 cm.
988   $a20020608
906   $0OCLC

