LEADER 00553nam a2200169 a 4500
001 002000286-6
005 20020606093309.7
008 900925s1957    le            000|0 ara d
035 0 $aocm84181791
040   $aNjP$cNjP
100 1 $aMubārak, Būlus.
245 10$aTārīkh ʻāʾilat al-Khūrī Tādī wa-mawāṭinuhā /$ctaʾlīf Būlus Mubārak al-Khūrī al-Kafarnīsī al-Lubnānī.
260   $a[al-Shiyyāḥ, Lebanon :$bMaṭbaʻat al-Janūbī,$c1957]
300   $a486 p. :$bill. ;$c24 cm.
600 30$aKhūrī Family.
988   $a20020608
906   $0OCLC

