LEADER 00501nam a22001455u 4500
001 002000287-4
005 20020606093309.7
008 900925|1944    mx           |||||||spa|d
010   $a   44013232 
110 1 $aCampeche (Mexico : State)
245 10$aLey orgánica de la Defensoría pública del estado y su reglamento.
260 0 $aCampeche, Camp., México,$bTalleres linotipográficos del gobierno del estado,$c1944.
500   $aAt head of title: Gobierno del estado de Campeche.
988   $a20020608
906   $0MH

