LEADER 01411nam a2200325Ia 4500
001 002000288-2
005 20050319115628.0
008 901031s1990    oruaf    b    00110beng d
020   $a0881921769
035 0 $aocm22611600$zocm24938202
035 0 $aocm22611600
040   $aAGL$cAGL$dBOH
043   $ae-uk-en
050  4$aSB63.M57$bL47
072  0$aB500$aF110
100 1 $aLe Rougetel, Hazel.
245 14$aThe Chelsea gardener Philip Miller, 1691-1771 /$cHazel Le Rougetel ; with a contribution by William T. Stearn on the botanical importance of Miller.
260 0 $aPortland, Or. :$bSaga Press / Timber Press in association with Natural History Museum Publications, London,$cc1990.
300   $a212 p., 16 p. of plates :$bill. (some col.) ;$c26 cm.
504   $aIncludes bibliographical references (p. 195-199) and index.
600 10$aMiller, Philip,$d1691-1771.
650  0$aGardeners$zEngland$zLondon$vBiography.
650  0$aHorticulturists$zEngland$vBiography.
650  0$aGardeners$zEngland$vBiography.
650  0$aBotanical gardens$zEngland.
655  7$aBiography.$2fast
700 1 $aStearn, William T.$q(William Thomas),$d1911-2001.
776 08$iOnline version:$aLe Rougetel, Hazel.$tChelsea gardener.$dPortland, Or. : Saga Press / Timber Press in association with Natural History Museum Publications, London, ©1990$w(OCoLC)785809660
988   $a20020608
906   $0OCLC

