LEADER 00617pam a22002537a 4500
001 002000289-0
005 20020606093309.7
008 900725s1990    enk           000 0 eng d
010   $agb 90022952 
015   $aGB90-22952
020   $a0712639462 (pbk) :$c£5.99 : CIP confirnmed
035 0 $aocm60022767
035 0 $aocm21408825
040   $aUKM$cUKM$dHLS
050 14$aBL1202
082 04$a294.5$220
100 1 $aBasham, A. L.$q(Arthur Llewellyn)
245 14$aThe sacred cow.
260   $bRider,$c1990.
300   $a[176] p.
650  0$aHinduism.
653   $aHinduism
988   $a20020608
906   $0OCLC

