LEADER 00955aam a2200289 a 4500
001 002000290-4
005 20020606093309.7
008 901205s1989    it a          000 0 ita  
010   $a   90224049 
020   $a8842503185
035 0 $aocm22896286
040   $aDLC$cDLC$dNYP$dHLS
043   $ae-it---
050 00$aPC1803$b.P37 1989
082 00$a457/.8$220
245 00$aParole di Sicilia :$bfrasi, espressioni, detti, paragoni, proverbi e "vastasate" /$c[a cura di] Sandro Attanasio.
250   $aNuova ed. riv.
260   $aMilano :$bMursia,$cc1989.
300   $a423 p. :$bill. ;$c24 cm.
500   $aText in Italian and Sicilian dialect; introd. and commentaries in Italian.
650  0$aItalian language$xDialects$zItaly$zSicily.
650  0$aItalian language$xTerms and phrases.
650  0$aItalian language$xIdioms.
650  0$aProverbs, Italian$zItaly$zSicily.
700 1 $aAttanasio, Sandro.
988   $a20020608
906   $0DLC

