LEADER 01107nam a22002297u 4500
001 002000291-2
005 20020606093309.7
008 900925|1965    ne           |||||||dut|d
035 0 $aocm01082506
050  4$aZ6375$b.A53 1964
110 2 $aBibliotheca Rosenthaliana.
245 10$aSystematische catalogus van de Judaica der Bibliotheca Rosenthaliana.
260 0 $aAmsterdam :$bMenno Hertzberger,$cc1965-
300   $av.
500   $aSupplement published by A.L. van Gendt.
505 8 $aV. 1: PT. 1: ALGEMEENE WERKEN - PT.2: TAALKUNDE - PT.3: LETTERKUNDE - PT.4-5: THEOLOGIE v. 2: pt.6: geschiedenis - v. 3: pt. 7: geschiedenis der joden in verschillende landen - v. 4: pt.8: geschiedenis: joden in leven en werken van de landen hunner inwonining
610 20$aBibliotheca Rosenthaliana.
650  0$aJews$vBibliography$vCatalogs.
655  7$aBibliography$vCatalogs.$2fast
776 08$iOnline version:$aBibliotheca Rosenthaliana.$tSystematische catalogus van de Judaica der Bibliotheca Rosenthaliana.$dAmsterdam, M. Hertzberger, 1964- (pt. 1-5, 1965)$w(OCoLC)610388207
988   $a20020608
906   $0MH

