LEADER 00943cam a2200277 a 4500
001 002000292-0
005 20020606093309.7
008 900108s1990    nyu      b    00110 eng  
010   $a   90002732 //r91
020   $a0313268657
035 0 $aocm22442410
040   $aDLC$cDLC$dSLR
050 00$aPS3545.E6$bZ69 1990
082 00$a813/.52$220
100 1 $aGygax, Franziska.
245 10$aSerious daring from within :$bfemale narrative strategies in Eudora Welty's novels /$cFranziska Gygax.
260 0 $aNew York :$bGreenwood Press,$c1990.
300   $axii, 160 p. ;$c23 cm.
440  0$aContributions in women's studies,$x0147-104X ;$vno. 114
504   $aIncludes bibliographical references (p. [147]-155) and index.
600 10$aWelty, Eudora,$d1909-2001$xTechnique.
600 10$aWelty, Eudora,$d1909-2001$xCharacters$xWomen.
650  0$aWomen in literature.
650  0$aNarration (Rhetoric)
988   $a20020608
906   $0DLC

