LEADER 00584nam a22001811u 4500
001 002000293-9
005 20020606093309.7
008 900925r19601990rur     a     00000 rus d
035 0 $aocn234334904
035 0 $aocn234334909
100 1 $aPoli︠a︡kov, M.$q(Mark)
245 10$aVissarion Belinskiĭ :$blichnostʹ-idei-ėpokha.
260 0 $aMoskva :$bGos. izd-vo khudozh. lit-ry,$c1960.
300   $a597 p. ;$c20 cm.
600 10$aBelinsky, Vissarion Grigoryevich,$d1811-1848.
830  0$aHarvard Pre-Soviet law preservation microfilm project ;$v01434.$5mmf
988   $a20020608
906   $0MH

