LEADER 00358nam a22001455u 4500
001 002000294-7
005 20020606093309.7
008 900925|1980    pl           |||||||pol|d
100 1 $aMaliński, Mieczysław.
245 10$aWezwano mnie z dalekiego kraju.
250   $aWyd. 1.
260 0 $aPoznań :$bPallottinum,$c1980.
300   $a475 p.
988   $a20020608
906   $0MH

