LEADER 00816cam a22002537i 4500
001 002000295-5
005 20020606093309.7
008 880715q19701979ua       b    00010 arar 
010   $a   80960608 /NE
035 0 $aocm12092939
035 1 $aNYPG88B59522
040   $dCStRLIN$dNjP$dNN
050 0 $aBP188$b.M33 1970z
100 10$aMaqdisī, Muḥammad ibn ʻAbd al-Wāḥid,$d1174-1245.
240 10$aFaḍāʾil al-aʻmāl
245 10$aKitāb faḍāʾil al-aʻmāl /$cli-Ḍiyāʾ al-Dīn Muḥammad ibn ʻAbd al-Wāḥid ibn Aḥmad al-Maqdisī.
246 3 $aFaḍāʾil al-aʻmāl.
260 0 $a[Cairo] :$bʻA. Raḥmī,$c[197-?]
300   $a135 p. ;$c24 cm.
500   $aIn Arabic.
504   $aIncludes bibliographical references.
650  0$aReligious life$xIslam.
988   $a20020608
906   $0RLIN

