LEADER 00842cas a2200301 a 4500
001 002000296-3
005 20020606093309.7
008 930825d19uu19uufr wr pea     0    0fre d
010   $asn 93031438 
035 0 $aocm28692671
040   $aHLS$cHLS$dHUL
041 0 $afreger
042   $alcd
043   $ae-fr---
130 0 $aTribune juive (Strasbourg, France)
245 03$aLa Tribune juive$h[microform].
260   $aStrasbourg :$bLa Tribune juive,
300   $av. :$bill.
310   $aWeekly
500   $aDescription based on: 5. année, no 25 (22 juin, 1923); title from caption.
525   $aIncludes supplements.
546   $aFrench and German.
650  0$aJews$zFrance$vPeriodicals.
650  0$aJews$vPeriodicals.
650  0$aJudaism$vPeriodicals.
752   $aFrance$dStrasbourg
988   $a20020608
906   $0MH

