LEADER 01020nam a2200277Ii 4500
001 002000297-1
005 20020606093309.7
008 800707s1980    rur      b    000 0 rusod
020   $c1.70rub
035 0 $aocm06492307
040   $aIUL$cIUL$dm/c$dHLS
043   $ae-ur---$ae-cs---
090   $aHB235.R9$bP725
245 00$aPlanovai︠a︡ t︠s︡ena :$bEe priorda i ispolʹzovanie pri sot︠s︡ializme /$cPod red. E. S. Gorodet︠s︡kogo i M. ĭrgesa.
260   $aMoskva :$bIzd-vo Ėkonomika;$aBratislava :$bIzd-vo Pravda,$c1980.
300   $a278 p. ;$c21 cm.
500   $aAdded t. p.: Plánovaná cena: Jej podstata a využitie v socializme.
500   $a"Sovmestnoe izdanie Izd-va Pravda ChSSR [i] Izd-va Ėkonomika SSSR".
504   $aIncludes bibliographical references.
650  0$aPrices$zSoviet Union.
650  0$aPrices$zCzechoslovakia.
700 1 $aGorodet︠s︡kiĭ, Evgeniĭ Semenovich.
700 1 $aJirges, Miroslav.
700 1 $aPlʹanovaná cena.
988   $a20020608
906   $0OCLC

