LEADER 00805cas a2200277 a 4500
001 002000298-X
005 20020606093309.7
008 951016d192719uucs mr p a     0    0ger d
010   $asn 95032247 
035 0 $aocm33314143
040   $aHLS$cHLS$dHUL
042   $alcd
043   $ae-cs---
245 00$aSpiegel der jüdischen Welt$h[microform] :$bBildbeilage der Selbstwehr.
246 30$aBildbeilage der Selbstwehr
260   $aPrag :$bEin Konsortium,$c[1927-
300   $av. :$bill.
310   $aMonthly
362 0 $aJahrg. 1, Nr. 1 (Jän. 1927)-
500   $aTitle from caption.
650  0$aJews$zCzechoslovakia$xPictorial works$vPeriodicals.
650  0$aJews$zPalestine$xPictorial works$vPeriodicals.
730 0 $aSelbstwehr.
772 0 $tSelbstwehr
988   $a20020608
906   $0MH

