LEADER 00682nam a2200193 a 4500
001 002000299-8
005 20020606093309.7
008 900925s1990    xxu      b    00010 eng d
035 0 $aocm76975523
100 1 $aGaouette, Michael Rae.
245 10$aPersonal rule and black Africa :$bZaire and Tanzania in comparative perspective /$cby Michael Rae Gaouette.
260 1 $c1990.
300   $a109 leaves ;$c29 cm.
502   $aThesis (A.B., Honors)--Harvard University, 1990.
504   $aIncludes bibliographical references.
651  0$aTanzania$xPolitics and government$y1964-
651  0$aCongo (Democratic Republic)$xPolitics and government$y1960-1997.
988   $a20020608
906   $0MH

