LEADER 00578cam a2200193Ia 4500
001 002000300-5
005 20020606093309.7
008 870406s1984    rurac         000 1 rusod
035 0 $aocm15494093
040   $aWAU$cWAU$dm/c$dIUL$dHLS
041 1 $arus$haze
090   $aPL314.B235$bN3 1984
100 1 $aBabai̐ev, Nurăddin.
245 10$aNa dorogakh zhizni :$bpovesti, razzkazy, ocherki /$cNureddin Babaev.
260   $aMoskva :$bSovetskiĭ pisatelʹ,$c1984.
300   $a189 p. :$bill., port. ;$c20 cm.
500   $aTranslated from Azerbaijani.
988   $a20020608
906   $0OCLC

