LEADER 00468nam a22001335u 4500
001 002000301-3
005 20020606093309.7
008 900925|1942    mx           |||||||spa|d
010   $a   44013233 
110 1 $aCampeche (Mexico : State)
245 10$aNueva ley orgánica del Ministerio público;$breglamentaria del artículo 76 de la Constitución política del estado.
260 0 $aCampeche,$bTalleres linotipográficos del gobierno del estado,$c1942.
988   $a20020608
906   $0MH

