LEADER 01324nam a2200325 a 4500
001 002000302-1
005 20020606093309.7
008 880502s1980    pl fa    b    100 0 pol  
010   $a   81169621 
015   $aP81-1347
020   $a8311065403 :$czł55.00
035 0 $aocm18021141
040   $aDLC$cDLC$dHLS
043   $ae-pl---
050 0 $aNX571.P6$bS47 1978
111 2 $aSesja "Wojsko--Literatura--Sztuka"$d(1978 :$cUniwersytet Warszawski)
245 10$aWojsko, literatura, sztuka /$c[wybór i przygot. materiałów Zbigniew Opoka].
260   $aWarszawa :$bWydawn. Ministerstwa Obrony Narodowej,$c1980$e(Warsz :$fWojsZG,$g1981)
300   $a294, [2] p., [16] p. of plates :$bill. ;$c20 cm.
500   $aProceedings of the Sesja "Wojsko--Literatura--Sztuka" organized by Związek Literatów Polskich, Główny Zarząd Polityczny Wojska Polskiego, and Uniwersytet Warszawski.
504   $aIncludes bibliographical references.
650  0$aSoldiers as artists$zPoland$vCongresses.
650  0$aArts, Polish$vCongresses.
650  0$aArts, Modern$y20th century$zPoland$vCongresses.
700 1 $aOpoka, Zbigniew.
710 2 $aZwiązek Literatów Polskich.
710 1 $aPoland.$bWojsko Polskie.$bGłówny Zarząd Polityczny.
710 2 $aUniwersytet Warszawski.
988   $a20020608
906   $0DLC

