LEADER 01291cas a2200349 a 4500
001 002000303-X
005 20020606093309.7
008 930716d19231940rm wr nea     0    0rum d
010   $asn 93030987 
035 0 $aocm28464209
040   $aHLS$cHLS$dHUL$dHLS
042   $alcd
043   $ae-rm---
245 00$aȘtiri din lumea evreească$h[microform] :$bbuletin al Federației Sioniste din România.
260   $aBucurești :$bFederația,
300   $av.
310   $aWeekly,$b18 Noem. 1930-
321   $aWeekly,$b2 Mar. 1924-9 Noem. 1929
321   $aSemiweekly,$b13 Noem. 1929-8 Noem. 1930
362 1 $aBegan in 1923?
362 1 $aCeased in 1940?
500   $aIssued by Federația Sionistă din România <1923>-24 Oct. 1925.
500   $aIssued by Organizația Sionistă din România 31 Oct. 1925- .
500   $aDescription based on: Anul 2, no. 70 (2 Mar. 1924); title from caption.
650  0$aJews$zRomania$vPeriodicals.
650  0$aZionism$zRomania$vPeriodicals.
710 2 $aFederația Sionistă din România.
710 2 $aOrganizația Sioniște din România.
770 0 $tFemeia evree$w(DLC)sn 93031422$w(OCoLC)28485370
780 00$tUltimele știri din lumea evreească$w(DLC)sn 99031180$w(OCLC)40838064
988   $a20020608
906   $0MH

