LEADER 00571nam a2200205 a 4500
001 002000304-8
005 20020606093309.7
008 900925q1969    ua a          000|0 ara d
010   $a   80960636   
035 0 $aocm11394138
040   $aDLC$cOSU$dOSU
050   $aPJ7846.A5487$bM5
100 1 $aMannāʻ, ʻAbd Allāh.
245 10$aMilaff aḥwāl /$cʻAbd Allāh Mannāʻ.
260   $a[al-Qāhirah] :$bal-Markaz al-Thaqāfī al-Jāmiʻī,$c[1969?]
300   $a116 p. :$bill. ;$c24 cm.
500   $aEssays.
752   $aEgypt$dCairo.
988   $a20020608
906   $0DLC

