LEADER 01271nam a22002417a 4500
001 002000305-6
005 20020606093309.7
008 900925s1960    sy           |||||||ara|d
100 1 $aRifāʻī, Aḥmad ibn ʻAlī,$d1106?-1182.
245 13$aal-Arbaʻīna ḥadīthan ; wa-kitāb al-Ḥikam ; wa-al-Niẓām al-khāṣṣ li-ahl al-ikhtiṣāṣ /$cli-Ahmad al-Rifāʻ al-Kabīr ; bayyana darajat aḥādīthihā ʻAbd Allāh al-Hararī al-Ḥabashī ; ḥaqqaqahā wa-asnada al-āyāt ilá al-suwar Ḥusayn Nāẓim al-Ḥalwānī "al-Rifāʻī"
246 3 $aNiẓām al-khāṣṣ li-ahl al-ikhtiṣāṣ.
246 3 $aḤikam.
260   $aDimashq :$bMaktabat al-Ḥalwānī,$c[1960?].
300   $a92 p. ;$c24 cm.
501   $aWith: al-Burhān al-muʾayyad / Aḥmad al-Rifāʻī al-Kabīr; Abḥāth fī al-ʻaqīdah / ʻAbd al-Laṭīf Ṣāliḥ Farfūr.
650  0$aSufism$xEarly works to 1800.
650  0$aIslam$xDoctrines$xEarly works to 1800.
700 1 $aḤalwānī, Ḥusayn Nāẓim.
700 1 $aḤabashī, ʻAbd Allāh.
700 12$aRifāʻī, Aḥmad ibn ʻAlī,$d1106?-1182.$tḤikam.$f1960.
700 12$aRifāʻī, Aḥmad ibn ʻAlī,$d1106?-1182.$tNiẓām al-khāṣṣ li-ahl al-ikhtiṣāṣ.$f1960.
988   $a20020608
906   $0MH

