LEADER 01284cbm a2200229zu 4500
001 002000306-4
005 20020606093309.7
008 860224i19481991mau                 eng d
035 0 $aocm76975524
110 2 $aHarvard University.$bDepartment of Biochemistry and Molecular Biology.
245 10$aStudent folders (undergraduate concentration),$f1948-1991 (inclusive).
246 3 $aStudent records (undergraduate concentration),$f1948-1991 (inclusive)
300   $a77 containers
500   $aAccess may be restricted. Details available at the repository.
545   $aThe Board of Tutors in Biochemical Sciences (undergraduates) was established in 1925. The Department of Biochemistry and Molecular Biology was established in 1967. In 1994 the Department of Biochemistry and Molecular Biology merged with the Department of Cellular and Developmental Biology to form the Department of Molecular and Cellular Biology.
555 8 $aFinding aid available in repository.
610 20$aHarvard University.$bBoard of Tutors in Biochemical Sciences.
610 20$aHarvard University.$bDepartment of Biochemistry and Molecular Biology.
610 20$aHarvard University.$bDepartment of Molecular and Cellular Biology.
610 20$aHarvard University$xStudents.
988   $a20020608
906   $0MH

