LEADER 00398nam a22001335u 4500
001 002000307-2
005 20020606093309.7
008 900925|1980    pl           |||||||pol|d
245 10$aPolska inteligencja współczesna :$bz problematyki samowiedzy /$cpraca zbiorowa pod red. A. Boruckiego.
260 0 $aWarszawa :$bPAN IFiS,$c1980
300   $a183 p.
700 1 $aBorucki, Andrzej.
988   $a20020608
906   $0MH

