LEADER 00370nam a22001335u 4500
001 002000308-0
005 20020606093309.7
008 900925|1903    mx           |||||||spa|d
110 1 $aCampeche (Mexico : State)
245 10$aLey orgánica de la administración interior del estado de Campeche.
250   $aEdición oficial.
260 0 $aCampeche,$c1903.
988   $a20020608
906   $0MH

