LEADER 00246nas a22001095u 4500
001 002000310-2
005 20020606093309.7
008 900925c19321940is || p||    |||||||fre|d
245 00$aUnion marocaine$hmicroform
260 00$aCasablanca
988   $a20020608
906   $0MH

