LEADER 00435nam a22001575u 4500
001 002000311-0
005 20020606093309.7
008 900925|1980    pl           |||||||pol|d
035 0 $aocm65694440
100 1 $aRogalski, Aleksander.
245 10$aTrzy portrety niemieckie :$bFryderyk Hölderlin, Jean Paul, Stefan George.
250   $aWyd. 1.
260 0 $aPoznań :$bWydawn. Poznańskie,$c1980.
300   $a271 p.
988   $a20020608
906   $0MH

