LEADER 00601nam a2200193Ia 4500
001 002000312-9
005 20020606093309.7
008 870917s1984    ruracf        000 0 rusod
035 0 $aocm16702802
040   $aWAU$cWAU$dHLS
041 1 $arus$htaj
050  4$aPK6978.9.S35$bZ47 1984
090   $aPK6978.9.S35$bZ47 1984
100 0 $aGulrukhsor.
245 10$aZerkalo dni︠a︡ :$bstikhotvorenii︠a︡, poėmy /$cGulrukhsor Safieva ; perevod s tadzhikskogo.
260   $aMoskva :$bKhudozh. lit-ra,$c1984.
300   $a270 p., [1] leaf of plates :$bill., port. ;$c21 cm.
988   $a20020608
906   $0OCLC

