LEADER 01199cas a2200349 a 4500
001 002000313-7
005 20020606093309.7
008 930716d19451951rm cr nea     0    0rum d
010   $asn 93030989 
035 0 $aocm28463679
040   $aHLS$cHLS$dHUL$dHLS
042   $alcd
043   $ae-rm---
130 0 $aUnirea (Bucharest : 1945)
245 00$aUnirea$h[microform].
260   $aBucurești :$bDacia Traiana,$c1945-1951.
300   $av. :$bill.
310   $aSemiweekly,$b16 Mar. 1948-1951
321   $aWeekly,$b1945-13 Mar. 1951
362 0 $aAnul 1, no. 1 (3 Noem. 1945)-anul 7, no. 400 (24 Ian. 1951).
500   $aPublishers: Dacia Traiana (1945-4 Dec. 1948); Romania Libera (8 Dec. 1948-1951).
515   $aSome issues not published.
515   $aSome issues combined.
550   $aIssued by: Comitetul Democrat Evreesc, June 8, 1949-
650  0$aJews$vPeriodicals.
650  0$aJews$zRomania$vPeriodicals.
651  0$aRomania$xPolitics and government$y1944-1989$vPeriodicals.
710 1 $aRomania.$bComitetul Democrat Evreesc.
752   $aRomania$dBucharest.
785 00$aViață Nouă$w(DLC)sn 98032120$w(OCoLC)39554935
988   $a20020608
906   $0MH

