LEADER 00642cbm a2200193zu 4500
001 002000314-5
005 20031211143220.0
008 860625n        mau                 eng d
035 0 $aocm76975525
110 2 $aHarvard University.$bDepartment of Biological Chemistry.
245 10$aForms.
300   $a1 folder
500   $aAccess may be restricted. Details available at the repository.
555 8 $aUnpublished shelflist available in repository.
610 20$aHarvard University.$bDepartment of Biological Chemistry.
693 29$aHarvard University$xBiology.$5hua
693 29$aHarvard University$xChemistry.$5hua
988   $a20020608
906   $0MH

