LEADER 00539nam a22001575u 4500
001 002000315-3
005 20020606093309.7
008 900925|1960    sy           |||||||ara|d
100 1 $aFarfūr, ʻAbd al-Laṭīf Ṣāliḥ.
245 10$aAbḥāth fī al-ʻaqīdah.
246 3 $aSharḥ li-ḍawʾ al-maʻālī ʻalá bidʾ al-amālī li-Nūr al-Dīn ʻAlī al-Qārī.
260 0 $aDimashq :$bMaktabat al-Ḥalwānī,$c[1960?]
300   $a147 p.
500   $aBound with: Arbaʻina ḥadīthan / Aḥmad al-Rifāʻī.
988   $a20020608
906   $0MH

