LEADER 00860nam a2200253Ia 4500
001 002000316-1
005 20090528163045.0
008 820517s1977    gsr      b    000 0 rusod
035 0 $aocm08433894
040   $aIUL$cIUL$dm/c$dHLS
043   $aa-gs---
090   $aDK511.G47$bD993
100 1 $aJijeišvili, Mamia.
245 10$aPo puti Velikogo Okti͡abri͡a / M.G. Dzhidzheĭshvili, I͡U. M. Kacharava, D.G. Maĭsuradze.
260   $aTbilisi :$bIzd-vo "Sabchota Sakartvelo,"$c1977.
300   $a231 p. ;$c21 cm.
504   $aIncludes bibliographical references.
651  0$aGeorgia (Republic)$xHistory$y1917-1991.
651  0$aGeorgia (Republic)$xEconomic conditions.
651  0$aGeorgia (Republic)$xIntellectual life.
700 1 $aKacharava, I͡U. M.$ejoint author.
700 1 $aMaĭsuradze, D.,$ejoint author.
988   $a20020608
906   $0OCLC

