LEADER 00678cas a22002537a 4500
001 002000317-X
005 20020606093309.7
008 930419d19211946le wr pea     0    0ara d
010   $asn 93030446 
035 0 $aocm27945038
040   $aHUL$cHUL
042   $amsc
130 0 $aUnivers israélite (Beirut, Lebanon)
245 02$aL'Univers israélite$h[microform].
246 13$aʻĀlam al-Israʻīlī
260   $aBeyrouth :$bUnivers israélite,$c1921-1946.
300   $av.
310   $aWeekly
362 0 $a1 sept. 1921-[10 juin 1946].
500   $aTitle from cover.
546   $aText in Arabic.
650  0$aJews$zLebanon$vPeriodicals.
988   $a20020608
906   $0MH

