LEADER 00413nam a22001577u 4500
001 002000318-8
005 20020606093309.7
008 900925|1990    is           |||||||heb|d
035 0 $aocm22759291
100 1 $aGolani, Ziṿah.
245 10$aShirim shele-aḥar /$cZiṿah Golani.
260 0 $a[Tel Aviv] :$bṬraḳlin,$c[750, 1990]
300   $a46 p. ;$c22 cm.
752   $aIsrael$dTel Aviv
988   $a20020608
906   $0MH

