LEADER 00892cam a2200289Ia 4500
001 002000319-6
005 20020606093309.7
008 900905s1990    it ab    b    001 0dita  
010   $a   90191857 
020   $a0884250156
020   $a8842501565
035 0 $aocm22542090
040   $aDLC$cDLC$dUIU$dHLS
043   $ae-gx---
090   $ax
100 1 $aCasali, Luigi,$d1946-
245 10$aFederico II di Prussia /$cLuigi Casali.
260   $aMilano :$bMursia,$cc1990.
300   $a424 p. :$bill., maps ;$c22 cm.
490 1 $aStoria e documenti ;$v96
504   $aIncludes bibliographical references (p. [407]-414) and index.
600 00$aFrederick$bII,$cKing of Prussia,$d1712-1786$xMilitary leadership.
650  0$aSilesian wars.
651  0$aPrussia (Germany)$xHistory, Military.
830  0$aStoria e documenti (Mursia (Firm)) ;$v96.
988   $a20020608
906   $0DLC

