LEADER 00894cam a2200241Ii 4500
001 002000320-X
005 20030815170306.0
008 780815s1847    cl            00000 spa d
035 0 $aocm04141681
040   $aYSM$cYSM$dHLS$dHMM
043   $as-cl---
090   $aF3051$b.E8
245 00$aEspiritu de la prensa chilena, o, Coleccion de artículos escojidos de la misma desde el principio de la revolucion hasta la época presente /$cpor P.G.
246 30$aEspiritu de la prensa chilena
246 30$aColeccion de artículos escojidos de la misma desde el principio de la revolucion hasta la época presente.
260 0 $aSantiago [Chile] :$bImpr. del Comercio,$c1847.
300   $a2 v. ;$c21 cm.
650  0$aPress$zChile.
651  0$aChile$xHistory$y1810-
651  0$aChile$xPolitics and government$y1810-1824.
700 1 $aGodoy, Pedro,$d1801-1883.
988   $a20020608
906   $0OCLC

