LEADER 00660nam a22001695u 4500
001 002000321-8
005 20020606093309.7
008 900925|1927    mx           |||||||spa|d
010   $a   30030451 
110 1 $aChiapas (Mexico)
245 10$aNueva codificación de las leyes, decretos y reglamentos del orden judicial,$barreglada por acuerdo del gobierno del esatdo de Chiapas,$cpor Vicente Liévano.
260 0 $aTuxtla Gutiérrez,$bImprenta del Gobierno,$c1927.
500   $aCover title.
500   $aSecond edition; 1st edition, 1919, has title: Leyes, decretos y reglamentos del orden judicial.
700 1 $aLiévano, Vicente,$eed.
988   $a20020608
906   $0MH

