LEADER 00546nam a22001817a 4500
001 002000322-6
005 20020606093309.7
008 850808s1985    rur           000 0 rus  
010   $a   85190535 
035 0 $aocm20356046
040   $aDLC$cDLC$dHLS
090   $ax
100 1 $aRadin, Vasiliĭ.
245 10$aVse my li︠u︡di :$bpovestʹ /$cVasiliĭ Radin ; perevod s mordovskogo-moksha L. Khanbekova ; khudozhnk V. Bylinkin.
260   $aMoskva :$b"Sov. Rossii︠a︡",$c1985.
300   $a123 p. :$bill. ;$c20 cm.
988   $a20020608
906   $0DLC

