LEADER 01031cam a2200265Ia 4500
001 002000323-4
005 20020606093309.7
008 871222s1979    ua h     b    000 0 arard
010   $a   80960639 
035 0 $aocm17529043
035 0 $aocm17529043$zocm29745558
040   $aCGU$cCGU$dWAU$dHLS
090   $aPJ7632.I8$bB87 1979
100 1 $aBūṣīrī, Sharaf al-Dīn Muḥammad ibn Saʻīd,$d1213?-1296?
245 10$aManẓūmat al-Imām al-Abūṣīrī fī al-radd ʻalá al-naṣārá wa-al-yahūd /$ctaʾlīf wa-sharḥ Muḥammad ibn Saʻīd ibn Ḥammād al-Abūṣīrī ; taḥqīq Aḥmad Ḥijāzī al-Saqqā.
250   $aal-Ṭabʻah 1.
260   $aal-Qāhirah :$bMaktabat al-Madīnah al-Munawwarah,$c1979.
300   $a80 p. :$bfacsims. ;$c24 cm.
504   $aIncludes bibliographical references.
650  0$aIslamic poetry, Arabic.
650  0$aIslam$xRelations$xChristianity.
650  0$aIslam$xRelations$xJudaism.
700 1 $aSaqqā, Aḥmad Ḥijāzī Aḥmad.
988   $a20020608
906   $0OCLC

