LEADER 00619nam a22001817  4500
001 002000324-2
005 20020606093309.7
008 900925s1837    gr           |00||||gre|d
035 0 $aocm22925484
040   $aHHG$cHHG
110 2 $aPhilekpaideutikē Hetaireia.
245 10$aEkthesis tōn praxeōn tou dioikētikou symvouliou tēs Philekpaideut. Hetairias,$bgenomenē epi tēs V. genikēs syneleuseōs autēs hypo I.P. Kokkōnē.
260 0 $aEn Athēnais,$bEk tes typographias A. Koromēla,$c1837.
300   $a16 p.$c21 cm.
700 1 $aKokkōnes, Iōannēs P.
752   $aGreece$dAthens.
988   $a20020608
906   $0MH

