LEADER 00474nam a22001577u 4500
001 002000326-9
005 20020606093309.7
008 900925|19529999le           |||||||ara|d
035 0 $aocm33854605
100 1 $aDammūs, Ḥalīm.
245 10$aRubāʻīyāt wa-taʾammulāt :$bmajmūʻah shiʻrīyah nathrīyah /$cbi-qalam Ḥalīm Dammūs.
250   $aal-Ṭabʻah 1.
260 0 $a[Beirut] :$bDār al-Inṣāf,$c1952-
300   $av. :$bill. ;$c20 cm.
988   $a20020608
906   $0MH

