LEADER 00715nam a22001931  4500
001 002000327-7
005 20020606093309.7
008 900925r18751990rur     a     00010 rus d
035 0 $aocn234334912
100 1 $aPetrovskīĭ, Sergi͡eĭ,$d1846-
245 10$aO senati͡e v t͡sarstvovanīe Petra Velikago :$bistoriko-i͡uridicheskoe izsli͡edovanīe /$cSergi͡eĭ Petrovskīĭ.
246 3 $aO senate v t͡sarstvovanie Petra Velikogo.
260 0 $aMoskva :$b[s.n.],$c1875.
300   $aviii, 349 p.
610 10$aRussia.$bPravitelʹstvui͡ushchīĭ Senat.
651  0$aRussia$xHistory$yPeter I, 1689-1725.
830  0$aHarvard Pre-Soviet law preservation microfilm project ;$v01435.$5mmf
988   $a20020608
906   $0MH

