LEADER 00998nam a2200289Ia 4500
001 002000328-5
005 20020606093309.7
008 901102s1990    pk a     b    001 0 eng d
010   $a   90931387 
020   $a969407102X
035 0 $aocm22621774
035 0 $aocm22621774$zocm23053774
040   $aCUY$cCUY$dDLC$dHLS
090   $aDS35.5$b.Q34 1990
245 00$aQuaid-e-Azam and the Muslim world :$bselected documents, 1937-1948 /$ccompiled and edited by Atique Zafar Sheikh, Mohammad Riaz Malik.
250   $a2nd ed.
260   $aKarachi :$bRoyal Book Co.,$c1990.
300   $alvi, 367 p. :$bill. ;$c22 cm.
504   $aIncludes bibliographical references and index.
600 10$aJinnah, Mahomed Ali,$d1876-1948.
650  0$aStatesmen$zPakistan$xCorrespondence.
651  0$aIslamic countries$xPolitics and government.
651  0$aMiddle East$xPolitics and government.
700 1 $aSheikh, Atique Zafar.
700 1 $aMalik, Mohammad Riaz.
988   $a20020608
906   $0OCLC

