LEADER 00928cam a2200289 a 4500
001 002000329-3
005 20100211164344.0
008 860214c19841983is            000 0aruso 
010   $a   85198925 
035 0 $aocm13334014
035 0 $aocm13334014$zocm12590467
040   $aDLC$cDLC$dm/c$dOCL$dHLS
043   $ae-ur---
050 0 $aGV1462$b.K86 1984
100 1 $aKuperman, Iser.
245 10$aSudʹba chempiona /$cIser Kuperman.
246 3 $aFate of the champion.
260   $aTelʹ-Aviv :$bI. Kuperman,$c1984, c1983$e(Telʹ-Aviv :$fI︠A︡kov press)
300   $a476 p. ;$c22 cm.
440  0$aZakulisnai︠a︡ zhiznʹ politicheskoĭ i sportivnoĭ ėlity SSSR
500   $aTitle on verso t.p.: The fate of the champion.
600 10$aKuperman, Iser.
650  0$aChecker players$zSoviet Union$vBiography.
650  0$aAthletes$zSoviet Union.
655  7$aBiography.$2fast
988   $a20020608
906   $0DLC

