LEADER 00697nam a2200193 a 4500
001 002000330-7
005 20020606093309.7
008 900925s1990    xxu      b    00010 eng d
035 0 $aocm76975526
100 1 $aGaw, Michael James.
245 10$aMargaret Thatcher, the Conservative Party, and European integration :$ba case study of power relations between prime minister and party /$cby Michael James Gaw.
260 1 $c1990.
300   $a116 leaves ;$c29 cm.
502   $aThesis (A.B., Honors)--Harvard University, 1990.
504   $aIncludes bibliographical references.
600 10$aThatcher, Margaret.
651  0$aGreat Britain$xPolitics and government$y1979-1997.
988   $a20020608
906   $0MH

