LEADER 00405nam a22001335u 4500
001 002000331-5
005 20020606093309.7
008 900925|1903    mx           |||||||spa|d
010   $a   31008170 
110 1 $aChiapas (Mexico)
245 10$aReformas al Código de procedimientos penales.
260 0 $aTuxtla Gutiérrez,$bImprenta del Gobierno del Estado, dirigida por F. Santaella,$c1903.
988   $a20020608
906   $0MH

