LEADER 00920nam a2200229ua 4500
001 002000332-3
005 20020606093309.7
008 881110s1979    xxr      b    00010 rusod
035 0 $aocm38134976
035 1 $aNJRL88B2739
040   $aNjR-l$cNjR-L
090   $aJN6531$b.M284 GINSB
100 10$aMarchenko, Mikhail Nikolaevich.
245 10$aPoliticheskai︠a︡ organizat︠s︡ii︠a︡ sovetskogo obshchestva :$bteoreticheskie voprosy : uchebnoe posobie /$cM.N. Marchenko.
260 0 $aMoskva :$bIzd-vo Moskovskogo universiteta,$c1979.
300   $a213 p. ;$c22 cm.
500   $aAt head of title: Moskovskiĭ gosudarstvennyĭ universitet. Fakulʹtet povyshenii︠a︡ kvalifikat︠s︡ii prepodavateleĭ obshchestvennykh nauk.
504   $aIncludes bibliographical references.
650  0$aCommunism$zSoviet Union.
651  0$aSoviet Union$xPolitics and government$y1953-1985.
988   $a20020608
906   $0RLIN

