LEADER 00605nam a2200205Ia 4500
001 002000333-1
005 20060914125310.0
008 810326s1979    unr      b   a000 0 rusod
035 0 $aocm07264971
040   $aNDD$cNDD$dHLS
090   $ax
100 1 $aOgorodnik, I. V.$q(Ivan Vasilʹevich)
245 10$aFilosofskie vzgli︠a︡dy Lametri /$cI.V. Ogorodnik.
260   $aKiev :$bVyshcha shkola,$c1979.
300   $a101, [3] p. ;$c20 cm.
504   $aBibliography: p. 101-[102]
600 10$aLa Mettrie, Julien Offray de,$d1709-1751$xPhilosophy.
650  0$aMaterialism.
988   $a20020608
906   $0OCLC

