LEADER 00669cas a2200241 a 4500
001 002000334-X
005 20020606093309.7
008 930820u19199999au dr pea     0    0ger d
010   $asn 93031378 
035 0 $aocm28659039
035 0 $aocm20448108
040   $aHLS$cHLS$dHUL
042   $alcd
050 00$aNewspaper 205
245 00$aWiener Morgenzeitung.
260   $aWien :$bWiener Morgenzeitung,$c1919-
300   $av. :$bill. ;$c61 cm.
310   $aDaily
362 0 $aJahrg. 1, Nr. 1 (19. Jänner 1919)-Title from caption.
651  0$aVienna (Austria)$vPeriodicals.
776 1 $cOriginal$w(DLC)sn 89049962$w(OCoLC)20448108
988   $a20020608
906   $0MH

