LEADER 00509nam a22001937a 4500
001 002000335-8
005 20020606093309.7
008 870831s1985    bwr           000 0 rus  
010   $a   87870199 
020   $c1.10rub
035 0 $aocm17174051
040   $aDLC$cDLC$dHLS
090   $ax
100 1 $aShvedov, Sergeĭ.
245 10$aTri vesennykh sroka :$bpovestʹ /$cSergeĭ Shvedov.
260   $aMinsk :$b"Mastatskai︠a︡ lit-ra",$c1985.
300   $a237 p. :$bill. ;$c21 cm.
988   $a20020608
906   $0DLC

