LEADER 00598cas a2200229 a 4500
001 002000336-6
005 20020606093309.7
008 930824d193719uumx wr pea     0    0spa d
010   $asn 93031472 
035 0 $aocm28687909
040   $aHLS$cHLS$dHUL
042   $alcd
130 0 $aVerdad (Mexico City, Mexico : 1937)
245 03$aLa Verdad$h[microform].
260   $aMéxico, D.F. :$bLa Verdad,$c1937-
300   $av.
310   $aWeekly
362 0 $aAño 1, no. 1 (14 de mayo de 1937)-
650  0$aJews$vPeriodicals.
650  0$aJews$zMexico$vPeriodicals.
988   $a20020608
906   $0MH

