LEADER 00376nam a22001215u 4500
001 002000337-4
005 20020606093309.7
008 900925|1876    mx           |||||||spa|d
100 1 $aLláven, Magin.
245 10$aControversia suscitada con motivo de los atentados cometidos contra la independencia y soberania del estado de Chiapas.
260 0 $aMéxico,$c1876.
988   $a20020608
906   $0MH

