LEADER 00430nam a22001577u 4500
001 002000338-2
005 20020606093309.7
008 900925|1990    is           |||||||heb|d
035 0 $aocm22717761
100 1 $aPeled, Oded.
245 10$aLeḥem ṿe-gaʻguʻim :$b(shirim 1987-1990) /$cʻOded Peled.
260 0 $a[Tel Aviv] :$bʻEḳed,$c[750, 1990]
300   $a46 p. ;$c22 cm.
752   $aIsrael$dTel Aviv
988   $a20020608
906   $0MH

