LEADER 00862cas a22002771a 4500
001 002000339-0
005 20020606093309.7
008 810414d19261937ie qr p  s    0uuu 0eng d
010   $asn 90022829 
035 0 $aocm07334097
040   $aVOD$cVOD$dm/c$dHUL
041 0 $aengiri
042   $alcd
043   $ae-ie---
245 00$aIrish trade journal.
260 00$aDublin :$bThe Stationery Office,$c1925/1926-1937.
300   $av. ;$c34 cm.
310   $aQuarterly.
362 0 $aVol. 1 (1925/1926)-v. 12, no. 3 (Sept. 1937).
546   $aEnglish and Irish.
650  0$aIndustrial statistics$zIreland$vPeriodicals.
651  0$aIreland$xStatistics$vPeriodicals.
710 1 $aIreland.$bDepartment of Industry and Commerce.
785 00$tIrish trade journal and statistical bulletin$w(DLC)sn 90022828$w(OCoLC)7334275
988   $a20020608
906   $0OCLC

