LEADER 00283nas a22001095u 4500
001 002000340-4
005 20020606093309.7
008 900925c19311933is || p||    |||||||fre|d
245 00$aVoix juive$hmicroform
260 00$aJerusalem :$bJewish National and University Library,
988   $a20020608
906   $0MH

