LEADER 01092nam a2200265 a 4500
001 002000341-2
005 20020606093309.7
008 900925s1979    ua            000|0 ara d
010   $a   80960643   
020   $a9777320027
040   $aDLC$cDLC
100 1 $aMattá al-Miskīn,$d1920-
240 10$aMilād fī al-wajh ghayr al-manẓūr "Malakūt Allāh"
245 13$aal-Milād fī al-wajh ghayr al-manẓūr "Malakūt Allāh" ; Fī wasaṭikum qāʾim alladhī lastum taʻrifūnah ; al-Masīḥ fī al-ʻAhdayn ; ʻImād al-Masīḥ fī al-Urdun wa-istiʻlān malakūt Allāh /$cMattá al-Miskīn.
246 3 $aFī wasaṭikum qāʾim alladhī lastum taʻrifūnah
246 3 $aMasīḥ fī al-ʻAhdayn
246 3 $aʻImād al-Masīḥ fī al-Urdun wa-istiʻlān malakūt Allāh
246 14$aʻIẓāt qibtīyah
250   $aal-Ṭabʻah 1.
260   $aBarrīyat Shīhīt, Wādī al-Naṭrūn [Egypt] :$bDayr al-Qiddīs Anbā Maqqār,$c1979.
300   $a4 v. in 1 ;$c17 cm.
610 20$aCoptic Church$xSermons.
650  0$aSermons, Arabic.
988   $a20020608
906   $0DLC

