LEADER 01066cas a2200337 a 4500
001 002000342-0
005 20020606093309.7
008 930820d192219uugw wr   a     0   b0ger d
010   $asn 93031385 
035 0 $aocm29998804
035 0 $aocm28659364
040   $aHLS$cHLS$dHUL
042   $alcd
043   $ae-gx---
245 00$aC. V.-Zeitung :$bOrgan des Central-Vereins deutscher Staatsbürger jüdischen Glaubens.
246 10$aCV Zeitung
246 10$aC.V. Zeitung
246 13$aCentral Verein Zeitung$fMay 1925-
260   $aBerlin :$bDer Verein,$c1922-
300   $a17 v.
310   $aWeekly
362 0 $aJahrg. 1, Nr. 1 (4. Mai 1922)-
362 1 $aCeased with Jahrg. 17 in 1938?
500   $aIncludes supplements.
650  0$aJudaism$zGermany$vPeriodicals.
650  0$aJews$zGermany$xHistory$y1800-1933$vPeriodicals.
650  0$aJews$zGermany$xHistory$y1933-1945$vPeriodicals.
710 2 $aCentralverein Deutscher Staatsbürger Jüdischen Glaubens.
780 00$tAllgemeine Zeitung des Judentums
988   $a20020608
906   $0MH

