LEADER 00968cas a22002891a 4500
001 002000343-9
005 20020606093309.7
008 810414d19371963ie qr p  s    0uuu 0eng d
010   $asn 90022828 
035 0 $aocm07334275
040   $aVOD$cVOD$dOCL$dm/c$dDLC$dHUL
041 0 $aengiri
042   $alcd
043   $ae-ie---
245 00$aIrish trade journal and statistical bulletin.
260 00$aDublin :$bDept. of Industry and Commerce,$c1937-1963.
300   $av. ;$c34 cm.
310   $aQuarterly
362 0 $aVol. 12, no. 4 (Dec. 1937)-v. 38, no. 4 (Dec. 1963).
546   $aEnglish and Irish.
650  0$aIndustrial statistics$zIreland$vPeriodicals.
651  0$aIreland$xStatistics$vPeriodicals.
710 1 $aIreland.$bDepartment of Industry and Commerce.
780 00$tIrish trade journal$w(DLC)sn 90022892$w(OCoLC)7334097
785 00$tIrish statistical bulletin$x0021-1370$w(DLC) 88640804$w(OCoLC)8754205
988   $a20020608
906   $0OCLC

