LEADER 00915cam a22002658a 4500
001 002000344-7
005 20020606093309.7
008 891127s1990    enk      b    001 0 eng  
010   $a   89049693 
020   $a041504071X
035 0 $aocm20824275
040   $aDLC$cDLC$dHLS
043   $ae-uk-en
050 00$aGV76.E7$bB588 1990
082 00$a917.53$220
245 00$aWorktowners at Blackpool :$bMass-Observation and popular leisure in the 1930s :$cedited by Gary Cross ; afterword by John K. Walton.
260   $aLondon ;$aNew York :$bRoutledge,$c1990.
300   $avi, 245 p. ;$c24 cm.
504   $aIncludes bibliographical references and index.
610 20$aMass-Observation.
650  0$aLeisure$zEngland$zBlackpool (Lancashire)$xHistory$y20th century.
650  0$aWorking class$zEngland$zBlackpool (Lancashire)$xHistory$y20th century.
700 1 $aCross, Gary S.
988   $a20020608
906   $0DLC

