LEADER 00877cam a2200253   4500
001 002000345-5
005 20030206131225.0
008 761014s1915    xx            000 0 eng  
010   $a   16003319 
035 0 $aocm02501938
040   $aDLC$cTOL$dHBS
050 0 $aHF5429$b.H6
100 1 $aHotchkin, W. R.$q(William Rowland),$d1868-
245 14$aThe manual of successful storekeeping,$cby W. R. Hotchkin.
260   $a[Garden City, New York]$bDoubleday, Page & company, for the Associated advertising clubs of the world,$c1915.
300   $axix, [1], 298 p., 1 l.$c25 cm.
650  0$aRetail trade.
650  0$aAdvertising.
650  0$aSales personnel.
650  0$aSelling.
710 2 $aAssociated Advertising Clubs of the World.
830  0$aHarvard pre-1920 social history/business preservation microfilm project ;$v1680.$5mmf
988   $a20020608
906   $0DLC

