LEADER 00651nam a22001575u 4500
001 002000346-3
005 20020606093309.7
008 900925|1868    mx           |||||||spa|d
010   $a   44025743 
110 1 $aChiapas (Mexico)
240 10$aConstitución
245 10$aConstitución política del estado libre y soberano de Chiapas,$bdecretada el día 4 de enero de 1858, por el honorable Congreso constituyente del mismo, reimpresa con los decretos que reforman varios de sus artículos.
260 0 $aChiapas,$bImprenta del gobierno, a cargo de J. M. Espinosa,$c1868.
500   $aCover title: first preliminary leaf is lacking.
988   $a20020608
906   $0MH

