LEADER 01734cam a2200433 a 4500
001 002000347-1
005 20140815054808.9
008 830519s1982    rb a     bc   000 0 srpo 
010   $a   83151019 
035 0 $aocm11261231
040   $aDLC$beng$cDLC$dJPG$dGEBAY$dOCLCO$dOCLCA$dOCLCF$dOCLCQ$dOCLCO
041 1 $asrp$hger
050 00$aN6888.B35$bA4 1982
082  4$a759.943
100 1 $aBarlach, Ernst,$d1870-1938.
245 10$aErnst Barlah, 1870-1938 /$c[odgovorni urednik Stojan Ćelić ; prevod sa nemačkog jezika Milivoje Isailović].
260   $a[Beograd] :$b[Srpska akademija nauka i umetnosti],$c1982.
300   $a90 pages :$billustrations ;$c24 cm.
336   $atext$btxt$2rdacontent
337   $aunmediated$bn$2rdamedia
338   $avolume$bnc$2rdacarrier
490 1 $aGalerija Srpske akademije nauka i umetnosti ;$v41
500   $aIn Serbo-Croatian (Cyrillic).
500   $aText translated from the German.
500   $a"Izložbu priređuju Srpska akademija nauka i umetnosti i Akademija umetnosti Nemačke Demokratske Republike iz Berlina"--Title page verso.
504   $aIncludes bibliographical references (pages 89-90).
600 10$aBarlach, Ernst,$d1870-1938$vExhibitions.
600 17$aBarlach, Ernst,$d1870-1938$2fast
600 17$aBarlach, Ernst.$2swd
650 07$aAusstellung.$2swd
650 07$aBelgrad (1982)$2swd
655  7$aExhibition catalogs.$2fast
700 1 $aĆelić, Stojan,$d1925-
710 2 $aSrpska akademija nauka i umetnosti.
710 2 $aAkademie der Wissenschaften der DDR.
710 2 $aSrpska akademija nauka i umetnosti.$bGalerija.
830  0$aGalerija Srpske akademije nauka i umetnosti (Series) ;$v41.
988   $a20020608
906   $0DLC

