LEADER 00877cam a2200277 a 4500
001 002000348-X
005 20020606093309.7
008 880121s1985    un a     s    000 0 eng  
010   $a   87158762 //r942
020   $c0.75rub (pbk.)
035 0 $aocm17479006
035 0 $aocm17479006$zocm16358932
040   $aDLC$cDLC
041 1 $aengukr
043   $ae-ur-un
050 00$aHC337.U5$bS6613 1985
082 00$a947/.71$219
130 0 $aSovetskai︠a︡ Ukraina.$lEnglish.
245 10$aSoviet Ukraine :$bsocioeconomic reference book /$c[translated by Viacheslav Sotnikov].
260   $aKiev :$bPolitvidav Ukraini Publishers,$c1985.
300   $a173 p. :$bill. ;$c20 cm.
500   $aTranslation of: Sovetskai︠a︡ Ukraina.
651  0$aUkraine$xEconomic conditions$y1945-1991.
651  0$aUkraine$xSocial conditions$y1945-1991.
988   $a20020608
906   $0DLC

