LEADER 00635nam a2200205Ma 4500
001 002000349-8
005 20020606093309.7
008 870915s1985    rurc          000 1 rusod
035 0 $aocm16933638
040   $aNAM$cNAM$dHLS
090   $ax
100 1 $aPulatov, Timur,$d1939-
245 10$aCherepakha Tarazi :$broman, rasskaz, povestʹ /$cTimur Pulatov.
260   $aMoskva :$bSov. pisatelʹ,$c1985.
300   $a317 p. :$bport. ;$c20 cm.
500   $aIn Cyrillic characters.
500   $aPortrait on lining paper.
505 0 $aCherepakha Tarazi -- Posledniĭ sobesednik -- Prochie naselennye punkty.
988   $a20020608
906   $0OCLC

