LEADER 00381nam a22001455u 4500
001 002000350-1
005 20020606093309.7
008 900925|1981    pl           |||||||pol|d
100 1 $aKucharczyk, Janusz.
245 10$aJęzyk polski :$bkurs wstępny : materiały pomocnicze.
250   $aWyd. 1.
260 0 $aŁódź :$bUniw. Łódzki,$c1981.
300   $a192 p.
988   $a20020608
906   $0MH

