LEADER 00790nam a22002657a 4500
001 002000351-X
005 20020606093309.7
008 900815s1989    enka          000 0 eng d
010   $agb 90043476 
015   $aGB90-43476
020   $a095149130X (pbk) :$cNo price
035 0 $aocm22625935
040   $aUKM$cUKM$dHLS
082 04$a647.95421$220
090   $ax
100 1 $aHenderson, John N.
245 12$aA history of the Museum Tavern in Bloomsbury.
260   $bBlemund's,$c1989.
300   $a32 p. :$bill. ;$c15 x 21 cm.
610 20$aMuseum Tavern (London, England)$xHistory.
650  0$aHotels$zEngland$zLondon$xHistory.
653   $aLondon$aPublic houses, history
650  0$aBars (Drinking establishments)$zEngland$zLondon$xHistory.
988   $a20020608
906   $0OCLC

