LEADER 00697cam a2200205I  4500
001 002000352-8
005 20050721113010.0
008 790705s1853    enk           000 0 eng  
010   $a   02011233 
035 0 $aocm05142503
040   $aDLC$cCLE$dHLS
050 00$aDS422.C3$bI7
100 1 $aIrving, Benjamin Atkinson.
245 04$aThe theory and practice of caste;$bbeing an inquiry into the effects of caste on the institutions and probable destinies of the Anglo-Indian empire.$cBy B. A. Irving.
260   $aLondon,$bSmith, Elder & co.; [etc., etc.]$c1853.
300   $axix, 182 p.$c21 cm.
440  4$aThe Le Bas prize essay ;$v1851
650  0$aCaste$zIndia.
988   $a20020608
906   $0DLC

