LEADER 01786cam a2200409 a 4500
001 002000353-6
005 20091026164106.0
008 891113m19902009ilu      b    001 0 eng  
010   $a   89048564 
020   $a0830817522 (set)
020   $a9780830817528 (set)
020   $a9780830838578 (v.3)
020   $a0830838570 (v.3)
035 0 $aocm20799971
040   $aDLC$cDLC$dPBE$dOCLCQ$dBAKER$dNLGGC$dBTCTA$dYDXCP$dOCLCG$dOXF
050 00$aBR100$b.B6483 1990
082 04$a201$bB81c 1990
084   $a08.20$2bcl
100 1 $aBrown, Colin,$d1932-
245 10$aChristianity & western thought :$ba history of philosophers, ideas & movements.
246 3 $aChristianity and western thought
260   $aDowners Grove, Ill. :$bInterVarsity Press,$cc1990-c2009.
300   $a3 v. ;$c24 cm.
504   $aIncludes bibliographical references and indexes.
505 10$gv. 1.$tFrom the ancient world to the Age of Enlightenment /$rColin Brown --$gv. 2.$tFaith & reason in the 19th century /$rSteve Wilkens & Alan G. Padgett --$gv. 3.$tJourney to postmodernity in the 2oth century /$rAlan G. Padgett & Steve Wilkens --
650  0$aChristianity$xPhilosophy.
650  0$aFaith and reason$xHistory of doctrines.
650  0$aPhilosophy$xHistory.
650 17$aGodsdienstfilosofie.$2gtt
655  7$aHistory.$2fast
700 1 $aWilkens, Steve,$d1955-
700 1 $aPadgett, Alan G.,$d1955-
776 08$iOnline version:$aBrown, Colin, 1932-$tChristianity & western thought.$dDowners Grove, Ill. : InterVarsity Press, c1990-c2009$w(OCoLC)608367805
776 08$iOnline version:$aBrown, Colin, 1932-$tChristianity & western thought.$dDowners Grove, Ill. : InterVarsity Press, ©1990-©2009$w(OCoLC)608367805
988   $a20020608
049   $aBHAA
906   $0DLC

