LEADER 00325nam a22001455u 4500
001 002000354-4
005 20020606093309.7
008 900925|1980    pl           |||||||pol|d
100 1 $aWojna, Ryszard.
245 10$aDojrzewanie..
250   $aWyd. 1.
260 0 $aWarszawa :$bKIW,$c1980.
300   $a235 p.
988   $a20020608
906   $0MH

