LEADER 01075cam a2200265Ia 4500
001 002000355-2
005 20020606093309.7
008 900607s1989    ii c          000 1 eng  
010   $a   90901158 
020   $cRs130.00
035 0 $aocm21907608
040   $aDLC$cDLC$dGZM$dHLS
041 1 $aeng$hhin
050 14$aPK2098.14.A276$bJ313 1989
100 0 $aBhadraguptvijay,$d1933-
240 10$aJaina Rāmāyaṇa.$lEnglish
245 10$aJain Ramayan :$ba long novel based on the Trishashtishalaka purusha charitra written by Kalikalasarvajna Acharyashri Hemachandrasoorishwarji, in the twelfth century of the Vikram era /$cwritten by Priyadarshan (Acharyashri Vijay Bhadraguptsoorishwarji Maharaj) ; [English version by K. Ramappa ; edited by Bhadrabahu Vijay].
250   $a1st ed.
260   $aMehsana, Gujarat, India :$bShri Vishvakalyan Prakashan Trust,$c1989.
300   $a3 v. :$bcol. ports. ;$c22 cm.
500   $aTranslation of: Jaina Rāmāyaṇa.
700 1 $aRamappa, K.$q(Konerikuppam),$d1929-
700 0 $aBhadravijay.
988   $a20020608
906   $0DLC

