LEADER 00640nam a22001817  4500
001 002000356-0
005 20020606093309.7
008 900925s1837    gr           |00||||gre|d
035 0 $aocm22925485
040   $aHHG$cHHG
110 2 $aPhilekpaideutikē Hetaireia.
245 10$aLogos ekphōnētheis kata tēn eniausion heortēn tēs Philekpaideutikēs Hetairias eis tēn panēgyrikēn autēs syneleusin tēs 25 Martiou tou 1837,$c[hypo I.P. Kokkōnē].
260 0 $aEn Athēnais,$bEk tēs typographias A. Koromēla,$c1837.
300   $a12 p.$c21 cm.
700 1 $aKokkōnes, Iōannēs P.
752   $aGreece$dAthens.
988   $a20020608
906   $0MH

