LEADER 00480nam a2200169 a 4500
001 002000357-9
005 20020606093309.7
008 900925m19389999le            000|0 ara d
100 1 $aKhāzin, Samʻān.
245 10$aTārīkh Ahdan al-qadīm wa-al-ḥadīth /$cSamʻān Khāzin.
260   $aBayrūt :$b[s.n.],$c1938-
300   $av. ;$c24 cm.
505 1 $aTārīkh Ahdan al-madanī --
651  0$aAhdan (Lebanon)$xHistory.
752   $aLebanon$dBeirut.
988   $a20020608
906   $0MH

