LEADER 01321pam a22003617a 4500
001 002000358-7
005 20020606093309.7
008 901121s1990    enk      b    00010 eng d
010   $agb 90042999 
015   $aGB90-42999
020   $a0712302212 :$c£30.00
035 0 $aocm22623430
040   $aUKM$cUKM$dHLS
043   $ae-uk-en
082 04$a686.43$220
090   $aZ692.N4$bC69 1990x
100 1 $aCowley, Ruth.
245 10$aNewsplan :$breport of the Newsplan project in the North Western Region September 1986-January 1990 /$cRuth Cowley.
246 3 $aReport of the Newsplan project in the North Western Region, September 1986-January 1990.
246 3 $aNewsplan, North Western Region.
260 0 $aLondon$bBritish Library,$c1990.
300   $axxxviii, 306 p. ;$c24 cm.
490 1 $aLancashire bibliography ;$vv. 12
500   $aTitle on spine: Newsplan, North Western Region.
500   $aIncludes index.
650  0$aNewspapers on microfilm$vBibliography.
650  0$aEnglish newspapers$zEngland, Northern$xMicroform catalogs.
650  0$aEnglish newspapers$zEngland, Northern$xUnion lists.
650  0$aEnglish newspapers$xConservation and restoration.
710 2 $aNewsplan (Great Britain)
830  0$aLancashire bibliography ;$vpt. 12.
988   $a20020608
906   $0OCLC

