LEADER 00448nam a22001335u 4500
001 002000359-5
005 20020606093309.7
008 900925|1981    pl           |||||||pol|d
245 10$aPrzeobrażenia kulturowe wsi :$banaliza głównych zagadnień i próba sformułowania refleksji teoretycznych :$bwybór studiów$cred. B. Czyżewska.
260 0 $aWarszawa :$bPAN IRWiR,$c1981.
300   $a232 p.
700 1 $aCzyżewska, Barbara.
988   $a20020608
906   $0MH

