LEADER 01190nam a22003378a 4500
001 002000360-9
005 20020606093309.7
008 900815s1990    enk      c   f00110 eng d
010   $agb 90042988 
015   $aGB90-42988
020   $a0712302360 :$c£30.00
035 0 $aocm22623329
040   $aUKM$cUKM$dHLS
043   $ae-uk-en
050 14$aZ265
082 04$a686.43$220
100 1 $aWatkins, Tracey J.
245 10$aNewsplan :$breport of the Newsplan project in the West Midlands, September 1988-September 1989 /$cTracey J. Watkins.
246 3 $aNewsplan, West Midlands.
246 3 $aReport of the Newsplan project in the West Midlands, September 1988-September 1989.
260 0 $aLondon :$bBritish Library,$c1990.
300   $aviii, 313 p. ;$c24 cm.
500   $aTitle on spine: Newsplan, West Midlands.
500   $aIncludes index.
650  0$aEnglish newspapers$zEngland$zWest Midlands$xMicroform catalogs.
650  0$aEnglish newspapers$zEngland$zWest Midlands$xUnion lists.
650  0$aEnglish newspapers$xConservation and restoration.
653   $aNewspapers$aMicrofilming
710 2 $aNewsplan (Great Britain)
988   $a20020608
906   $0OCLC

