LEADER 00506nam a2200181M  4500
001 002000361-7
005 20070412090637.0
008 861011s1984    rura          000 0 rus d
035 0 $aocm21859960
040   $aCUY$cCUY$dHLS
090   $ax
100 1 $aHovsēpʻean, Ṛubēn,$d1939-
245 10$aVordan karmir :$bpovesti, rasskazy /$cRuben Ovsepi͡an.
260   $aMoskva :$bSov. pisatelʹ,$c1984.
300   $a268 p. :$bill. ;$c20 cm.
500   $a"Perevod s armi͡anskogo."
988   $a20020608
906   $0OCLC

