LEADER 00897nam a22002057u 4500
001 002000362-5
005 20020606093309.7
008 900925|1990    is           |||||||heb|d
035 0 $aocm38960205
100 1 $aEliyahu, Mordekhai.
245 10$aḲitsur Darkhe ṭohorah ha-menuḳad :$bʻal hilkhot Nidah ṿe-ṭohorat ha-mishpaḥah : le-khol ʻadot Yiśraʾel... /$cneʾesaf, niḳbats ṿe-neʻerakh ʻal yede...Mordekhai Eliyahu.... ṿe-nilṿeh elaṿ yalḳuṭ Otsar teḥinot le-vat Yiśraʾel : menuḳad.
260 0 $aYerushalayim :$bMerkaz ṭohorat ha-bayit ha-Yehudi ha-ʻolami she-ʻal yad Mosdot Rabi Daṿid u-Mosheh,$c[1990?]
300   $a182, [6] p. ;$c22 cm.
650  0$aMikveh.
650  0$aPurity, Ritual$xJudaism.
650  0$aSex$xReligious aspects$xJudaism.
740 | $aOtsar teḥinot le-vat Yiśraʾel.
752   $aIsrael$dJerusalem
988   $a20020608
906   $0MH

