LEADER 00957nam a2200241 a 4500
001 002000363-3
005 20020606093309.7
008 900925s1965    sy            000|0bara d
040   $aCUY$cCUY
090   $aPJ7805.A75$bH3
100 1 $aḤuṣrīyah, ʻIzzat,$d1914-
245 10$aImām al-sālikīn wa-shaykh al-mujtahidīn al-shaykh Arsalān al-Dimashqī 541-461 H. :$bhayātuhu wa-āthāruhu ... /$cʻarḍ wa-taḥqīq ʻIzza Ḥuṣrīyah.
246 3 $aShaykh Arsalān al- Dimashqī
260   $aDimashq :$bMaṭbaʻat al-ʻIlm,$c1965.
300   $a183 p. ;$c24 cm.
500   $a"Wa fihi lamḥah ʻan al-maghfūr la-hu al-Shaykh Aḥmad al-Ḥārūn."
504   $aBibliography: p. 19-21.
650  0$aSufism.
600 00$aArslān ibn Yaʻqūb al-Dimashqī,$dactive 12th century.
700 1 $aArslān ibn Yaʼqūb al-Dimashqī,$dactive 12th century.$tRisālah fī al-tawḥīd.
752   $aSyria$dDamascus.
988   $a20020608
906   $0OCLC

