LEADER 00729cam a2200229Ia 4500
001 002000364-1
005 20020606093309.7
008 840827s1982    pl            000 0 pol d
020   $a8321003532
035 0 $aocm21747240
040   $aCUY$cCUY$dOSU$dHLS
090   $aHC286.3$b.L82 1982
100 1 $aŁuczak, Czesław.
245 10$aPolityka ekonomiczna Trzeciej Rzeszy w latach drugiej wojny światowej /$cCzesław Łuczak.
250   $aWyd. 1.
260   $aPoznań :$bWydawnictwo Poznańskie,$c1982.
300   $a490 p. ;$c25 cm.
504   $aIncludes bibliographical references.
651  0$aGermany$xEconomic policy$y1933-1945.
651  0$aGermany$xPolitics and government$y1933-1945.
988   $a20020608
906   $0OCLC

