LEADER 00819nam a2200217Ia 4500
001 002000365-X
005 20020606093309.7
008 921116r19891912gw       b    010 0 ger d
035 0 $aocm26978345
040   $aHLS$cHLS
090   $ax
245 00$aVolkswirtschaftliche und wirtschafts-geschichtliche Abhandlungen :$bWilhelm Stieda als Festgruss zur sechzigsten Wiederkehr seines Geburtstages dargebracht /$cim Verein mit Schülern und Verehrern herausgegeben von Wilhelm Eduard Biermann.
260   $aBerlin :$bW. De Gruyter,$c1989.
300   $a352 p. ;$c24 cm.
500   $aReprint. Originally published: Leipzig : Von Veit, 1912.
504   $aIncludes bibliographical references.
650  0$aEconomic history.
700 1 $aBiermann, Wilhelm Eduard.
700 1 $aStieda, Wilhelm.
988   $a20020608
906   $0MH

