LEADER 00803cam a2200253 a 4500
001 002000366-8
005 20020606093309.7
008 901219s1990    enka          001 0 eng d
010   $agb 90035408 
015   $aGB90-35408
020   $a1852640650 :$c£19.95 : CIP confirmed
035 0 $aocm21974213
040   $aUKM$cUKM$dHLS
043   $ae-uk---
100 1 $aBesly, Edward.
245 10$aCoins and medals of the English Civil War /$cEdward Besly.
260   $aLondon :$bSeaby in association with The National Museum of Wales,$c1990.
300   $avi, 121 p. :$bill. ;$c24 cm.
504   $aIncludes bibliography and index.
650  0$aCoins, British.
651  0$aGreat Britain$xHistory$yCivil War, 1642-1649$xMedals.
710 2 $aNational Museum of Wales.
988   $a20020608
906   $0OCLC

