LEADER 01095cam a2200313Ia 4500
001 002000367-6
005 20141017062621.2
008 930512s1980    pl c     b    000 0 pol d
035 0 $aocm28096102
040   $aEYW$beng$cEYW$dGZM$dOCL$dOCLCQ$dOCLCG$dOCLCQ$dOCLCF$dOCLCO$dOCLCQ
050  4$aND955.P63$bC533 1980
100 1 $aJeżewska, Zofia.
245 10$aLeon Chwistek :$bkrótki zarys życia i twórczości /$cZofia Jeżewska.
260   $aWarszawa :$bWydawnictwo Epoka,$c1980.
300   $a127 pages :$bportrait ;$c20 cm.
336   $atext$btxt$2rdacontent
337   $aunmediated$bn$2rdamedia
338   $avolume$bnc$2rdacarrier
440  0$aSeria Twórcy, naukowcy, działacze SD ;$vt.1
504   $aIncludes bibliographical references (pages 126-127).
600 10$aChwistek, Leon,$d1884-1944.
600 17$aChwistek, Leon,$d1884-1944$2fast
650  0$aAesthetics, Polish.
650  0$aAesthetics, Modern$y20th century.
650  7$aAesthetics, Modern.$2fast
650  7$aAesthetics, Polish.$2fast
648  7$a1900 - 1999$2fast
988   $a20020608
906   $0OCLC

