LEADER 00923cam a2200265 a 4500
001 002000368-4
005 20020606093309.7
008 850702s1986    unra          000 0 ukro 
010   $a   85173823 //r89
020   $c1.70rub
035 0 $aocm16741298
040   $aDLC$cDLC$dHLS
043   $ae-ur-un
050 0 $aDK508.95.B35$bB35 1986
245 00$aBakhchysaraï =$bBakhchisarai /$ckerivnyk avtorsʹkoho kolektyvu P.F. Kuprovsʹkyĭ ; fotohrafiï A.V. Miti︠u︡ry ; tekst V.M. Skrypchenka].
246 3 $aBakhchisarai.
260   $aSimferopolʹ :$bTavrii︠a︡,$c1986.
300   $a125 p. :$bcol. ill. ;$c17 cm.
500   $aEnglish, Russian, and Ukrainian.
651  0$aBakhchysaraĭsʹkyĭ raĭon (Ukraine)$xDescription and travel.
700 1 $aKuprovsʹkyĭ, P. F.
700 1 $aMiti︠u︡ra, A. V.$q(Andreĭ Vasilʹevich)
700 1 $aSkripchenko, Viktor Mikhaĭlovich.
988   $a20020608
906   $0DLC

