LEADER 00365nam a22001335u 4500
001 002000369-2
005 20020606093309.7
008 900925|1976    gsr          |||||||geo|d
245 10$aAktualʹnye voprosy filosofii /$c[red. O. Gabidzashvili].
260 0 $aTbilisi :$bIzd-vo Tbilisskogo un-ta,$c1976.
300   $a420 p.
500   $aNa gruz. iazyke
988   $a20020608
906   $0MH

