LEADER 00616nam a2200169 a 4500
001 002000370-6
005 20020606093309.7
008 900925s1949    le a          000|0 ara d
100 1 $aKhūrī, Aghnāṭiyūs Ṭannūs.
245 13$aal-Mashāyikh al-Shumur :$bḥukkām al-ʻĀqūrah 1211-1633, Ḥukkām al-Zāwiyah 1641-1747 : baḥth tārīkhī ʻilmī /$cbi-qalam Aghnāṭiyūs Ṭannūs Khūrī.
260   $aBayrūt :$b[s.n.],$c1949.
300   $a132 p. :$bill. ;$c22 cm.
500   $aGenealogy of the Shumur family.
600 10$aShumur, Aghnāṭiyūs.
752   $aLebanon$dBeirut.
988   $a20020608
906   $0MH

