LEADER 00778pam a2200253 a 4500
001 002000371-4
005 20020606093309.7
008 901128s1990    enka          000 0 eng d
010   $agb 90039275 
015   $aGB90-39275
020   $a0246136456 :$c£14.99
035 0 $aocm60058596
035 0 $aocm22181875
040   $aUKM$cUKM$dHLS
050 14$aNC1479
082 04$a741.5942$220
245 04$aThe Punch cartoon album :$b150 years of classic cartoons /$cedited by Amanda-Jane Doran ; introduction by Miles Kington.
260   $aLondon :$bGrafton,$c1990.
300   $a228 p. :$bchiefly ill. (some col.) ;$c29 cm.
650  0$aEnglish wit and humor, Pictorial.
653   $aEnglish humorous cartoons
700 1 $aDoran, Amanda-Jane.
988   $a20020608
906   $0OCLC

