LEADER 00776cam a2200265Ma 4500
001 002000372-2
005 20020606093309.7
008 910509s1990    it       b    001 0 ita d
020   $a8816950668
035 0 $aocm29256483
035 0 $aocm26432813
040   $aRBN$cRBN$dHLS
090   $ax
245 00$aSegno ed evento nel pensiero contemporaneo /$cE. Caramuta ... [et al.] ; a cura di Giuseppe Nicolaci.
250   $a1. ed.
260   $aMilano :$bJaca Book,$c1990.
300   $a196 p. ;$c23 cm.
440  0$aEdizioni universitarie Jaca ;$v66
504   $aIncludes bibliographical references and index.
650  0$aEvents (Philosophy)
650  0$aSigns and symbols.
700 1 $aCaramuta, E.
700 1 $aNicolaci, Giuseppe.
988   $a20020608
906   $0OCLC

