LEADER 01083nam a2200265 a 4500
001 002000373-0
005 20020606093309.7
008 900925s1957    le a          000|0bara d
035 0 $aocm41111605
035 0 $aocm(NBISU)notisAFL9047
040   $aBNG$cBNG$dOCL
043   $aa-le---
050 00$aDS84.B34$bK48x 1957
100 1 $aKhūrī, Ighnāṭiyūs Ṭannūs.
245 10$aMuṣṭafá Āghā Barbar :$bḥākim iyālat Ṭarāblus wa-Jabalah wa-Lādhiqīyat al-ʻArab, 1767-1834 : ṣafaḥat dafīnah khaṭīrah wa-abwāb wajīhah min tārīkh Lubnān bayna al-qarnayn al-18 wa-al-19 /$cIghnāṭiyūs Ṭannūs al-Khūrī.
246 3 $aMostafa Barbar gouverneur de Tripoli Liban (1767-1834)
260   $aBayrūt :$bMatbaʻat al-Rahbānīyah al-Lubnānīyah,$c1957.
300   $a333 p. :$bill., facsims. ;$c25 cm.
504   $aIncludes bibliographical references.
600 10$aBarbar, Muṣṭafá,$d1767-1835.
651  0$aLebanon$xHistory$y1516-1918.
650  0$aStatesmen$zLebanon$vBiography.
752   $aLebanon$dBeirut.
988   $a20020608
906   $0OCLC

