LEADER 00946nam a2200253 a 4500
001 002000374-9
005 20020606093309.7
008 880224s1985    unr      b    000 0 ruso 
010   $a   86138900 
020   $c1.30rub
035 0 $aocm17650868
040   $aDLC$cDLC$dHLS
050 0 $aHB201$b.K86 1985
100 1 $aKozak, I︠U︡. G.$q(I︠U︡riĭ Georgievich)
245 10$aSovremennyĭ marzhinalizm :$bmetodologicheskie voprosy kritiki /$cI︠U︡.G. Kozak.
260   $aKiev :$bGol. izd-vo izdatelʹskogo obʺedinenii︠a︡ "Vyshcha shkola",$c1985.
300   $a142 p. ;$c20 cm.
504   $aBibliography: p. 135-142.
650  0$aMarginal utility.
650  0$aEconomics.
650  0$aMarxian economics.
776 08$iOnline version:$aKozak, I͡U. G. (I͡Uriĭ Georgievich).$tSovremennyĭ marzhinalizm.$dKiev : Gol. izd-vo izdatelʹskogo obʺedinenii͡a "Vyshcha shkola", 1985$w(OCoLC)609847455
988   $a20020608
906   $0DLC

