LEADER 00861pam a2200289 a 4500
001 002000375-7
005 20020606093309.7
008 901219s1990    enkc          000 0 eng d
010   $agb 90037052 
015   $aGB90-37052
020   $a0701136901 :$c£25.00
035 0 $aocm22111895
040   $aUKM$cUKM$dHLS
050 14$aTR680
082 04$a779.20942$220
100 1 $aBown, Jane.
245 10$aPortraits /$cJane Brown ; with a foreword by Snowdon.
260   $aLondon :$bChatto & Windus,$c[1990?]
300   $aca. 200 p. :$bports. ;$c31 cm.
500   $aAmalgamation of: Women of consequence, 1986, and, Men of consequence, 1987.
650  0$aPortrait photography.
653   $aPhotography
653   $aEngland
700 1 $aBown, Jane.$tWomen of consequence.
700 1 $aBown, Jane.$tMen of consequence.
988   $a20020608
906   $0OCLC

