LEADER 00744nam a22001691  4500
001 002000376-5
005 20020606093309.7
008 900925r18801990rur     a     00000 rus d
035 0 $aocn234334916
245 00$aPi︠a︡tʹdesi︠a︡t li︠e︡t Spet︠s︡ialʹnoĭ shkoly dli︠a︡ obrazovanīi︠a︡ voennykh zakonovi︠e︡dov v Rossīi.
246 3 $aPi︠a︡tʹdesi︠a︡t let Spet︠s︡ialʹnoĭ shkoly dli︠a︡ obrazovanii︠a︡ voennykh zakonovedov v Rossii.
260 0 $aS.-Peterburg :$b[s.n.],$c[188-?]
300   $aii, 168 p.
610 20$aVoenno-i︠u︡ridicheskai︠a︡ akademīi︠a︡ (Saint Petersburg, Russia)
830  0$aHarvard Pre-Soviet law preservation microfilm project ;$v01436.$5mmf
988   $a20020608
906   $0MH

