LEADER 00360nam a22001455u 4500
001 002000377-3
005 20020606093309.7
008 900925|1982    pl           |||||||pol|d
100 1 $aJanicki, Janusz.
245 10$aWpływy wyborcze zachodnio-europejskiej lewicy.
250   $aWyd. 1.
260 0 $aWarszawa :$bPWN,$c1982.
300   $a430 p.
988   $a20020608
906   $0MH

