LEADER 01099cam a2200313 a 4500
001 002000378-1
005 20020606093309.7
008 890705m19891990njua          00110 eng  
010   $a   89010607 //r90
020   $a0810822040 (v. 1 : alk. paper)
020   $a081082258X (v. 2 : alk. paper)
035 0 $aocm20056816
040   $aDLC$cDLC$dHLS
043   $an-us---
050 00$aPN1992.4.A2$bP3 1989
082 00$a791.45/028/0922$220
100 1 $aParish, James Robert.
245 14$aThe complete actors' television credits, 1948-1988 /$cby James Robert Parish and Vincent Terrace.
250   $a2nd ed.
260 0 $aMetuchen, N.J. :$bScarecrow Press,$c1989-1990.
300   $a2 v. :$bill. ;$c29 cm.
500   $aRev. ed. of: Actors' television credits, 1950-1972.
505 0 $av. 1. Actors -- v. 2. Actresses.
650  0$aTelevision actors and actresses$zUnited States$xCredits.
650  0$aTelevision programs$zUnited States.
700 1 $aTerrace, Vincent,$d1948-
700 1 $aParish, James Robert.$tActors' television credits, 1950-1972.
988   $a20020608
906   $0DLC

