LEADER 00533cam a2200181Ia 4500
001 002000379-X
005 20020606093309.7
008 850904s1985    rura          000 1 rusod
020   $c1.50rub
035 0 $aocm12490571
040   $aCUY$cCUY$dPIT$dm/c$dHLS
090   $aPG3480.R614$bL47 1985
100 1 $aFrolov, Leonid.
245 10$aLetai︠u︡shchie tarelochki :$bpovesti i rasskazy /$cLeonid Frolov.
260   $aMoskva :$b"Molodai︠a︡ gvardii︠a︡",$c1985.
300   $a348 p. :$bill. ;$c21 cm.
988   $a20020608
906   $0OCLC

