LEADER 00556nam a2200145 a 4500
001 002000380-3
005 20020606093309.7
008 900925s1915    le            000|0 ara d
100 1 $aḤarfūsh, Ibrāhīm.
245 10$aQudwat al-ṣalāḥ fī tarjamat al-Ab Isṭifān Quzāḥ al-raʾīs al-ʻāmm al-awwal ʻalʹa jamʻīyat al-risālah al-Lubnānīyah /$cjamaʻahā Ibrāhīm Ḥarfūsh.
260   $aḤarīṣā :$bMaṭbaʻat al-Qiddīs Būlis,$c1915.
300   $a275 p. ;$c22 cm.
600 10$aQuzāḥ, Isṭifān$xBiography.
988   $a20020608
906   $0MH

