LEADER 00615nam a22001697u 4500
001 002000381-1
005 20020606093309.7
008 900925|1990    is           |||||||heb|d
035 0 $aocm22924808
100 1 $aZilber, Binyamin Yehoshuʻa.
245 10$aYeshuʻat Binyamin :$bśiḥot u-maʾamarim musariyot ʻal ḥagim u-moʻadim ṿe-ʻal seder ha-parashiyot /$cḥubar ṿe-neʻerakh...[ʻal yede] Binyamin Yehoshuʻa ben Barukh Zilber.
260 0 $aBene Beraḳ :$b[s.n.],$c5750 [1990]
300   $a316 p. ;$c22 cm.
650  0$aJewish sermons, Hebrew.
752   $aIsrael$dBene Beraḳ
988   $a20020608
906   $0MH

