LEADER 00892nam a2200253 a 4500
001 002000382-X
005 20020606093309.7
008 870518s1985    unra          000 0 ruso 
010   $a   87141812 
020   $c0.55rub
035 0 $aocm23648366
040   $aDLC$cDLC$dHLS
043   $ae-hu---$ae-ur-un
050 00$aDK508.9.O33$bO69 1985
245 00$aOpyt druzeĭ--dostoi︠a︡nie obshchee =$bA barȧtok tapasztalata--közös kincs /$c[otvetstvennyĭ redaktor A.V. Varlamov].
246 3 $aBarȧtok tapasztalata--közös kincs.
260   $aOdessa :$b"Mai︠a︡k", l985.
300   $a159 p. :$bill. ;$c17 cm.
651  0$aOdesʹka oblastʹ (Ukraine)$xRelations$zHungary$zCsongrád Megye.
651  0$aCsongrád Megye (Hungary)$xRelations$zUkraine$zOdesʹka oblastʹ.
700 1 $aVarlamov, A. V.
700 1 $aVarlamov, A. V.,$ckand. filos. nauk.
988   $a20020608
906   $0DLC

