LEADER 00356nam a22001335u 4500
001 002000383-8
005 20020606093309.7
008 900925|1977    pl           |||||||pol|d
245 10$aKościańskie przemiany :$bpraca zbiorowa /$cpod red. J. Zielonki.
260 0 $aKościan :$bTMZK,$c1977.
300   $a123 p.
700 1 $aZielonka, Jerzy.
988   $a20020608
906   $0MH

