LEADER 00759nam a2200241Ia 4500
001 002000384-6
005 20020606093309.7
008 890223s1985    unr      b    000 0 rusod
020   $c2.00rub
035 0 $aocm19253191
040   $aIUL$cIUL$dHLS
043   $ae-ur---
050  4$aNX180.S6$bI84 1985
090   $aNX180.S6$bI84 1985
245 00$aIskusstvo i tvorcheskai︠a︡ aktivnostʹ mass /$c[avtorskiĭ kollektiv: L.T. Levchuk (rukovod) ... [et al.]
260   $aKiev :$b"Vyshcha shkola",$c1985.
300   $a197, [1] p. ;$c21 cm.
504   $aIncludes bibliographical references (pages 191-198).
650  0$aArts and society$zSoviet Union.
650  0$aArt, Amateur$zSoviet Union.
700 1 $aLevchuk, L. T.
988   $a20020608
906   $0OCLC

