LEADER 01872nam a2200397Ia 4500
001 002000385-4
005 20090708190917.0
008 900822s1990    waua     b    10000 eng d
010   $a   90052685 
020   $a0819402796
035 0 $aocm22255196
040   $aSTI$cSTI$dMCS
050  4$aQB86$b.I583 1990
050 04$aQB84.5$b.I55 1990
050 14$aTA1501$b.S65 v. 1235
090   $aQB86$b.I5842 1990
245 00$aInstrumentation in astronomy VII :$b13-17 February, 1990, Tucson, Arizona /$cDavid L. Crawford, chair/editor ; sponsored by SPIE -- the International Society for Optical Engineering ; cooperating organizations, American Astronomical Society ... [et al.].
246 3 $aInstrumentation in astronomy 7.
246 3 $aInstrumentation in astronomy seven.
260 0 $aBellingham, Wash., USA :$bThe Society,$cc1990.
300   $a2 v. (xii, 956 p.) :$bill. ;$c28 cm.
490 1 $aProceedings / SPIE--the International Society for Optical Engineering ;$vv. 1235
504   $aIncludes bibliographies.
505 0 $apt. 1. Infrared detectors and instrumentation ; Detectors ; Other instrumentation -- pt. 2. Optical instrumentation ; Space instrumentation.
650  0$aAstronomical instruments$vCongresses.
650  0$aDetectors$vCongresses.
650  0$aInfrared detectors$vCongresses.
650  0$aSpace optics$vCongresses.
655  7$aConference proceedings.$2fast
710 2 $aSociety of Photo-optical Instrumentation Engineers.
700 1 $aCrawford, David Livingstone,$d1931-
710 2 $aAmerican Astronomical Society.
776 08$iOnline version:$tInstrumentation in astronomy VII.$dBellingham, Wash. : Society of Photo-optical Instrumentation Engineers, ©1990$w(OCoLC)700343220
830  0$aProceedings of SPIE--the International Society for Optical Engineering ;$vv. 1235.
988   $a20020608
906   $0OCLC

