LEADER 00856cas a22002897a 4500
001 002000386-2
005 20020606093309.7
008 930707u19309999rm wr nea     0    0hun d
010   $asn 93031260 
035 0 $aocm28391296
040   $aHLS$cHLS$dHUL
041 0 $ahunrum
042   $amsc
043   $ae-rm---
245 00$aUj kor$h[microform].
260   $aTimișoara :$bErdélyi Zsidó Nemzeti Szövetség Timișoara,$c1930-
300   $av.
310   $aWeekly
362 0 $a11. évf., 17. sz. (szept. 23, 1930)-
546   $aHungarian and Romanian.
650  0$aJews$vPeriodicals.
650  0$aJews$zRomania$vPeriodicals.
710 2 $aErdélyi Zsidó Nemzeti Szövetség Timișoara.
780 00$tNeue Zeit (Timișoara, Romania)$w(OCoLC)28464251$w(DLC)sn 93030986
752   $aRomania$dTimișoara.
988   $a20020608
906   $0MH

