LEADER 01132cam a2200289Ma 4500
001 002000387-0
005 20020606093309.7
008 900426s1984    uzr      b    000 0 uzbod
020   $c2.40rub
035 0 $aocm23439576
040   $aPAU$cPAU$dHLS
043   $ae-ur-uz
090   $ax
245 00$aḢozirgi ŭzbek adabiëtining milliĭ ŭziga khosligi /$c[masʺul muḣarrir B. Saĭimov]
246 3 $aNat︠s︡ionalʹnoe svoeobrazie sovremennoĭ uzbekskoĭ literatury.
260   $aToshkent :$bŬzbekiston SSR "Fan" nashriëti,$c1984.
300   $a198 p. ;$c23 cm.
500   $aIn Uzbek.
500   $aTitle in colophon: Nat︠s︡ionalʹnoe svoebrazie sovremennoĭ uzbekskoĭ literatury.
500   $aAt head of title: Ŭzbekiston SSR fanlar akademii︠a︡si. A.S. Pushkin nomidagi til va adabiët instituti.
504   $aIncludes bibliographical references.
650  0$aUzbek literature$y20th century$xHistory and criticism.
650  0$aNational characteristics, Uzbek, in literature.
700 1 $aSaĭimov, B.
710 2 $aA.S. Pushkin nomidagi til va adabiët instituti.
988   $a20020608
906   $0OCLC

