LEADER 00423nam a2200181K  4500
001 002000388-9
005 20020606093309.7
008 871118s1968    le            000 0 ara d
035 0 $aocm17001935
040   $aCLU$cCLU
090   $aBP167$b.Q111k
100 1 $aQablān, ʻAbd al-Amīr.
245 00$aKhulq al-muʾmin.
260   $a[Beirut,$c1968]
300   $a112 p.
650  0$aIslamic ethics.
988   $a20020608
906   $0OCLC

