LEADER 00540nam a22001575u 4500
001 002000389-7
005 20020606093309.7
008 900925|1977    gsr          |||||||geo|d
100 1 $aAidarova, V. N.
245 10$aIstoricheskaia grammatika russkogo iazyka :$bposobie dlia studentov zaochnogo otdeleniia filologicheskogo fakulteta /$cV.N. Aidarova, O.K.Baliashvili, V.Z. Simonian.
260 0 $aTbilisi :$bIzd-vo Tbilisskogo un-ta,$c1977.
300   $a327 p.
700 1 $aBaliashvili, O. K.
700 1 $aSimonian, V. Z.
988   $a20020608
906   $0MH

