LEADER 00654nam a2200169 a 4500
001 002000390-0
005 20020606093309.7
008 900925s1966    sy            000|0 ara d
100 1 $aQabbish, Aḥmad.
245 13$aal-Imlāʾ al-ʻArabī :$bnashʾatuhu wa-qawāʻiduhu wa-mufradātuhu wa-tamārīnuhu : abḥāth kāmilah fi nashʾat al-imlāʾ al-ʻArabī wa-fī al-qawāʻid al-imlāʾīyah ... /$cAḥmad Qabbish.
260   $aDimashq :$bMaṭbaʻat al-Inshāʾ,$c1966.
300   $a119 p. ;$c24 cm.
650  0$aArabic language$xOrthography and spelling.
650  0$aArabic language$xGrammar.
752   $aSyria$dDamascus.
988   $a20020608
906   $0MH

