LEADER 00891cas a22002777a 4500
001 002000391-9
005 20020606093309.7
008 890614c19189999is dn ne      0    0hun  
010   $asn 89049515 
035 0 $aocm19866154
040   $aDLC$cDLC$dHUL
041 0 $ahunheb
042   $amsc
050 00$aNewspaper 2402
245 00$aUj kelet.
260   $aCluj (Kolozsvár) :$bKadima,
300   $av. :$bill. ;$c48 cm.
310   $aDaily (except Saturday)
362 1 $aBegan with Jan. 19, 1918 issue.
500   $aDescription based on: 4. évf., 99. sz. (máj. 10, 1921).
500   $aPublished: Cluj, <May 10, 1921-Aug. 28, 1940>; Tel-Aviv, <Aug. 11, 1948>-
530   $aAlso available on microfilm from the Library of Congress Photoduplication Service.
546   $aIn Hungarian, with some items in Hebrew.
752   $aRomania$dCluj-Napoca
988   $a20020608
906   $0DLC

