LEADER 00404nas a22001455u 4500
001 002000392-7
005 20020606093309.7
008 900925c197u9999cl  | m||    |||||||spa|d
130 0 $aColección Textos legales (Editorial Jurídica de Chile)
245 10$aColección textos legales.
260 0 $aSantiago de Chile :$bEditorial Juridica de Chile,
362 0 $ano. 1-
710 1 $aChile.
988   $a20020608
906   $0MH

