LEADER 01134pam a2200349 a 4500
001 002000393-5
005 20020606093309.7
008 910508s1991    ie abc        000 0 eng d
010   $a   91114248 
015   $aGB90-42972
020   $a0863272657
035 0 $aocm59910752
035 0 $aocm22629454
035 1 $aMAHA93B1207
035 1 $zOHCA91B4776
040   $aUKM$cUKM$dHLS
082 04$a779.99415$220
090   $ax
100 1 $aBrowne, Frank,$d1880-1960.
245 14$aThe genius of Father Browne :$bIreland's photographic discovery /$c[edited] by E. E. O'Donnell.
260   $aDublin :$bWolfhound,$c1991.
300   $a128 p. :$bill., maps, ports. ;$c26 cm.
600 10$aBrowne, Frank,$d1880-1960.
651  0$aIreland$xPictorial works.
651  0$aIreland$xSocial life and customs$y20th century$xPictorial works.
651  0$aUlster (Northern Ireland and Ireland)$xPictorial works.
651  0$aUlster (Northern Ireland and Ireland)$xSocial life and customs$xPictorial works.
653   $aPhotography
653   $aIreland
700 1 $aO'Donnell, Edward Eugene.
988   $a20020608
906   $0RLIN

