LEADER 00353nam a22001215u 4500
001 002000394-3
005 20020606093309.7
008 900925|1979    pl           |||||||pol|d
245 10$aBielskie dzisiaj /$czespół red. R. Danel...[et al.]
260 0 $aBielsko-Biała :$bBeskidzkie Tow. Społ.-Kulturalne,$c1979.
700 1 $aDanel, Robert.
988   $a20020608
906   $0MH

