LEADER 00865nam a2200277 a 4500
001 002000395-1
005 20020606093309.7
008 900925s1979    ua            000|0 ara d
010   $a   80960644   
020   $a9772477718 :$c£E1.30
035 0 $aocm17025098
040   $aDLC$cDLC$dCUY
043   $ama-----
050 00$aDS98.2$b.S46
100 1 $aShāyib, Zuhayr Aḥmad.
245 13$aal-Samāʾ tumṭiru māʾan jāffan :$b(riwāyat al-waḥdah wa-al-infiṣāl) /$cZuhayr al-Shāyib.
246 30$aRiwāyat al-waḥdah wa-al-infiṣāl
260   $aal-Qāhirah :$bDār al-Maʻārif,$c[1979]
300   $a213 p. ;$c21 cm.
440  0$aKutub Uktūbir
651  0$aSyria$xForeign relations$zEgypt.
651  0$aEgypt$xForeign relations$zSyria.
650  0$aNationalism$zArab countries.
752   $aEgypt$dCairo.
988   $a20020608
906   $0DLC

