LEADER 00653nam a2200217Ia 4500
001 002000396-X
005 20020606093309.7
008 910829s1981    pl       b    001 0 pol d
020   $a8301028602
035 0 $aocm24308221
040   $aCOD$cCOD$dHLS
090   $aP306$b.L43 1981
100 1 $aLebiedziński, Henryk.
245 10$aElementy przekładoznawstwa ogólnego /$cHenryk Lebiedziński.
250   $aWyd. 1.
260   $aWarszawa :$bPaństwowe Wydawn. Naukowe,$c1981.
300   $a161 p. ;$c21 cm.
504   $aIncludes bibliographical references (p. [160]) and index.
650  0$aTranslating and interpreting.
988   $a20020608
906   $0OCLC

