LEADER 00833cam a22002297a 4500
001 002000397-8
005 20030206131229.0
008 900925r19161990mau           000 0 eng d
010   $a   16025448 
035 0 $aocm07193790
035 0 $aocm22647247
040   $aHMM$cHMM$dFLL
050 0 $aHF5472.U7$bB7 1915
110 1 $aBoston (Mass.).$bCity Planning Board.
245 12$aA summary of the market situation in Boston /$cthe City Planning Board, Boston, Mass. ; preliminary report of the Market Advisory Committee, June 1915.
260   $aBoston :$bPrinting Dept.,$c1916.
300   $a175 p. ;$c24 cm.
500   $aAt head of title: Document 118-1915.
650 10$aMarkets$zMassachusetts$zBoston.
830  0$aHarvard pre-1920 social history/business preservation microfilm project ;$v1681.$5mmf
988   $a20020608
906   $0MH

