LEADER 00969cam a2200289 a 4500
001 002000398-6
005 20020606093309.7
008 860701s1987    flu      b    00110 eng  
010   $a   86015325 //r90
020   $a0898748305
035 0 $aocm13903253
040   $aDLC$cDLC$dMCS
050 00$aQL665$b.W45 1987
082 00$a639.3/9$219
100 1 $aWelch, Kenneth R. G.
245 10$aHandbook on the maintenance of reptiles in captivity /$cK.R.G. Welch.
250   $aOriginal ed.
260 0 $aMalabar, Fla. :$bR.E. Krieger Pub. Co.,$c1987.
300   $av, 156 p. ;$c24 cm.
500   $aIncludes index.
504   $aBibliography: p. 103-149.
505 8 $aXerox copy bound.
650  0$aCaptive reptiles.
650  0$aReptiles as pets.
776 08$iOnline version:$aWelch, Kenneth R.G.$tHandbook on the maintenance of reptiles in captivity.$bOriginal ed.$dMalabar, Fla. : R.E. Krieger Pub. Co., 1987$w(OCoLC)767787826
988   $a20020608
906   $0DLC

