LEADER 00910nam a2200229 a 4500
001 002000399-4
005 20020606093309.7
008 900925s1890    tu       d    00000 otard
035 0 $aocm82616063
041 0 $aotaaraper
130 0 $aTercüman-i Türki ve Arabi ve Farsi.
245 10$aKitab-i Tercüman-i Türki ve Arabi ve Farsi.
246 3 $aTarjumān Turkī wa-ʻArabī wa-Fārisī.
246 3 $aKitāb tarjumān Turkī wa-ʻArabī wa-Fārisī.
260 0 $a[Istanbul?] :$bTevfik Efendi'nin Matbaasında,$c1307 [i.e. 1890 or 1891]
300   $a236 [i.e. 136] p. ;$c18 cm.
500   $aPhrases and words given in Arabic, Ottoman Turkish, and Persian.
650  0$aTurkish language$xGlossaries, vocabularies, etc.$xPolyglot.
650  0$aArabic language$xGlossaries, vocabularies, etc.$xPolyglot.
650  0$aPersian language$xGlossaries, vocabularies, etc.$xPolyglot.
988   $a20020608
906   $0MH

