LEADER 00837cam a2200253 a 4500
001 002000400-1
005 20020606093309.7
008 820914s1980    cauaf         000 0 ruso 
010   $a   82670180 //r92
035 0 $aocm06831153
040   $aDLC$cDLC$dHLS
043   $ae-ur---
050 00$aD764$b.K79 1980
100 1 $aKromiadi, K.
245 10$aZa zemli︠u︡, za voli︠u︡-- /$cK. Kromiadi.
260   $aSan Frant︠s︡isko :$b"Globus,"$c1980.
300   $a297 p., 16 p. of plates :$bill. ;$c21 cm.
600 10$aVlasov, Andreĭ Andreevich,$d1900-1946.
610 20$aRusskai︠a︡ osvoboditelʹnai︠a︡ armii︠a︡.
650  0$aWorld War, 1939-1945$zSoviet Union.
650  0$aAnti-communist movements$zSoviet Union.
651  0$aSoviet Union$xHistory$yGerman occupation, 1941-1944.
988   $a20020608
906   $0DLC

