LEADER 01023nam a2200277 a 4500
001 002000401-X
005 20020606093309.7
008 880202s1985    unrfa         000 0 ruso 
010   $a   86171684 
020   $c1.60rub
035 0 $aocm17545907
040   $aDLC$cDLC$dHLS
043   $ae-ur-un$ae-ur-ru
050 0 $aD764.7.B5$bS68 1985
245 00$aSozvezdie Chernomorʹi︠a︡ :$bsbornik ocherkov : Odessa, Sevastopolʹ, Novorossiĭsk, Kerchʹ /$c[sostavitelʹ P.E. Garmash].
260   $aSimferopolʹ :$b"Tavrii︠a︡",$c1985.
300   $a166 p., [64] p. of plates :$bill. (some col.) ;$c21 cm.
650  0$aWorld War, 1939-1945$xCampaigns$zUkraine$zBlack Sea Coast.
650  0$aWorld War, 1939-1945$xCampaigns$zRussia (Federation)$zNovorossiĭsk.
651  0$aOdesa (Ukraine)$xHistory.
651  0$aSevastopolʹ (Ukraine)$xHistory.
651  0$aKerchʹ (Ukraine)$xHistory.
651  0$aNovorossiĭsk (Russia)$xHistory.
700 1 $aGarmash, P. E.$q(Petr Egorovich)
988   $a20020608
906   $0DLC

