LEADER 00515nam a2200181 a 4500
001 002000402-8
005 20020606093309.7
008 890715s1981    pl a          000 0 pol  
010   $a   82226297 
035 0 $aocm20096562
040   $aDLC$cDLC$dHLS
050 0 $aPG7177.Z96$bM65 1981
100 1 $aRzymkowski, Andrzej.
245 10$aMoje powroty /$cAndrzej Rzymkowski.
260   $aKoszalin :$bKoszalińskie Towarzystwo Społeczno-Kulturalne,$c1981.
300   $a127 p. :$bill. ;$c21 cm.
988   $a20020608
906   $0DLC

