LEADER 00676nam a22002418a 4500
001 002000403-6
005 20020606093309.7
008 900815s1990    enkac         000 0beng d
010   $agb 90043048 
015   $aGB90-43048
020   $a0283060034 :$c£13.95
035 0 $aocm22623751
040   $aUKM$cUKM$dHLS
050 14$aML420.L38
082 04$a781.630092$220
100 1 $aShevey, Sandra.
245 14$aThe other side of Lennon /$cSandra Shevey.
260   $aLondon :$bSidgwick & Jackson,$c1990.
300   $a[336] p. :$bill., ports. ;$c24 cm.
600 10$aLennon, John,$d1940-1980.
650  0$aRock musicians$zEngland$xPortraits.
988   $a20020608
906   $0OCLC

