LEADER 00626nam a2200205 a 4500
001 002000404-4
005 20020606093309.7
008 900925s1970    le            000|0 ara d
035 0 $aocm42914951
040   $aPUL$cPUL
050 00$aDS35.62$b.M39x 1970
100 1 $aMaydānī, ʻAbd al-Raḥmān Ḥabannakah.
245 10$aUsus al-ḥaḍārah al-Islāmīyah wa-wasāʾiluhā
260   $a[Bayrūt,$bDār al-ʻArabīyah lil-Ṭibāʻah wa-al-Nashr wa-al-Tawzīʻ$c[1970?]
300   $a416 p. ;$c24 cm.
546   $aIn Arabic.
650  0$aIslamic civilization.
752   $aLebanon$dBeirut.
988   $a20020608
906   $0OCLC

