LEADER 00891aam a2200253 a 4500
001 002000405-2
005 20020606093309.7
008 910404s1990    rur      b    00000 ruso 
010   $a   91137182 
020   $a5020293393 :$c3.40rub
035 0 $aocm23969961
040   $aDLC$cDLC$dCLS
050 00$aQA184$b.V88 1990
245 00$aVychislitelʹnye metody lineĭnoĭ algebry /$cotvetstvennyĭ redaktor S.K. Godunov.
260 0 $aNovosibirsk :$b"Nauka," Sibirskoe otd-nie,$c1990.
300   $a197, [3] p. ;$c26 cm.
440  0$aTrudy Instituta matematiki,$x0208-0060 ;$vt. 17
500   $a"Nauchnoe izdanie"--Colophon.
500   $aAt head of title: Akademii︠a︡ nauk SSSR. Sibirskoe otdelenie.
504   $aIncludes bibliographical references (p. 197-[198]).
650  0$aAlgebras, Linear.
700 1 $aGodunov, S. K.$q(Sergeĭ Konstantinovich)
988   $a20020608
906   $0DLC

