LEADER 00745nam a22002057u 4500
001 002000406-0
005 20020606093309.7
008 900925|1988    is           |||||||heb|d
035 0 $aocm22924881
100 1 $aSchlossberg, Eliezer.
245 10$aTefisot ṿe-shiṭot be-ferusho shel Seʻadyah Gaʼon le-sefer Daniʼel /$cme-et Eliʻezer Shlosberg.
260 0 $aRamat Gan :$bUniversiṭat Bar Ilan,$c749, 1988.
300   $a373, ix p. :$c28 cm.
500   $aTitle on added t.p.: Concepts and methods in the commentary of R. Saadia Gaon on the Book of Daniel.
502   $bPh.D.$cUniversiṭat Bar Ilan$d1988
600 10$aSaʻadia ben Joseph,$d882-942.
630 00$aBible.$pDaniel.
752   $aIsrael$dRamat Gan
988   $a20020608
906   $0MH

