LEADER 00510cam a2200193Ia 4500
001 002000407-9
005 20020606093309.7
008 940808s1971    le            000 1 ara d
035 0 $aocm30905936
040   $aMDY$cMDY$dAZU
090   $aPJ7846.A55$bA79 1971
100 1 $aManṣūr, Anīs.
245 10$aAlwān min al-ḥubb /$cAnīs Manṣūr.
250   $aal-Ṭabʻah 2.
260   $aBayrūt :$bDar al-Shurūq,$c1971.
300   $a304 p. ;$c20 cm.
500   $aShort stories.
988   $a20020608
906   $0OCLC

