LEADER 00730cam a22002418a 4500
001 002000408-7
005 20020606093309.7
008 900502r19901954enk           000 1 eng d
010   $agb 90029669 
015   $aGB90-29669
020   $a0860721310 (pbk) :$c£5.95
035 0 $aocm21597065
040   $aUKM$cUKM$dLDL$dHLS
082 04$a823.912$220
090   $aPR6019.O3938$bI46 1990
100 1 $aJohnson, Pamela Hansford,$d1912-
245 13$aAn impossible marriage /$cby Pamela Hansford Johnson.
260   $aLondon :$bRobin Clark,$c1990, c1954.
300   $a343 p. ;$c20 cm.
500   $aOriginally published: London : Macmillan, 1954.
653   $aFiction in English, 1900-1945 - Texts
988   $a20020608
906   $0OCLC

