LEADER 00888nam a22002415u 4500
001 002000409-5
005 20020606093309.7
008 900925|1960    nyu          |||||||eng|d
035 0 $aocm00414151
041 1 $aeng$hger
050 00$aRC403$b.K773
060 00$aWM 173$bK92u 1960
245 00$aHysteria, reflex, and instinct /$cby Ernst Kretschmer.
260 0 $aNew York :$bPhilosophical Library,$c1960.
504   $aIncludes bibliographical references.
650  0$aHysteria.
650  0$aReflexes.
650  0$aInstinct.
650  2$aHysteria.
776 08$iOnline version:$aKretschmer, Ernst, 1888-1964.$tHysteria, reflex and instinct.$dNew York, Philosophical Library [©1960]$w(OCoLC)599752681
776 08$iOnline version:$aKretschmer, Ernst, 1888-1964.$tHysteria, reflex and instinct.$dNew York, Philosophical Library [©1960]$w(OCoLC)628612268
988   $a20020608
906   $0MH

