LEADER 01012cam a2200265Ma 4500
001 002000410-9
005 20020606093309.7
008 890314s1986    unr      b    000 0 rusod
020   $c1.70rub
035 0 $aocm22317089
040   $aPUL$cPUL$dHLS
090   $ax
245 00$aSpravochnik ateista /$c[avtory A.S. Onishchenko ... et al. ; redkollegii︠a︡ B.A. Lobovik (predsedatelʹ), ... et al.]
260   $aKiev :$bNauk. dumka,$c1986.
300   $a519 p. ;$c21 cm.
500   $aAt head of title: Mezhrespublikanskiĭ filial instituta nauchnogo ateizma AON pri T︠S︡K KPSS v g. Kieve.
500   $aIncludes Kratkiĭ ateisticheskiĭ slovarʹ.
504   $aIncludes bibliographical references.
650  0$aAtheism$xHistory.
650  0$aCommunism and religion.
700 1 $aOnishchenko, A. S.
700 1 $aLobovyk, Borys Oleksandrovych.
710 2 $aInstitut nauchnogo ateizma (Akademii︠a︡ obshchestvennykh nauk).$bMezhrespublikanskiĭ filial v g. Kieve.
988   $a20020608
906   $0OCLC

