LEADER 00671nam a2200217Ii 4500
001 002000411-7
005 20020606093309.7
008 840111s1980    ua            000 0 arar 
010   $a   80960645 
020   $a9772564009 :$c£E1.50
035 0 $aocm10289052
040   $aDLC$cIXA
050   $aHX550.I8$bR316
100 1 $aRajab, ʻAbd al-Jawwād.
245 10$aMārkisīyah fī al-mīzān /$cʻAbd al-Jawwād Rajab ; taqdīm Muḥammad al-Ghazzālī.
260   $aal-Qāhirah :$bDār al-Nahḍah al-ʻArabīyah,$c[1980?]
300   $a340 p. ;$c20 cm.
504   $aIncludes bibliographical references.
650  0$aCommunism and Islam.
988   $a20020608
906   $0DLC

