LEADER 01087nam a2200301Ii 4500
001 002000412-5
005 20020606093309.7
008 800328s1977    gsr      d    000 0 rusod
020   $c0.34rub
035 0 $aocm06137881
040   $aCOO$cCOO$dHLS
041 0 $arusgeo
050  4$aPK9125$b.K81
090   $aPK9125$b.K81
100 1 $aKolesnikov, N. P.$q(Nikolaĭ Pavlovich)
245 00$aKratkiĭ russko-gruzinskiĭ i gruzinsko-russkiĭ slovarʹ antonimov / N. P. Kolesnikev, G. I. T︠S︡ibakhashvili.
260   $aTbilisi$bIzd. Tbilisskogo universiteta,$c1977.
300   $a103 p. ;$c26 cm.
500   $aAdded t. p. in Georgian.
650  0$aRussian language$xDictionaries$xGeorgian.
650  0$aGeorgian language$xDictionaries$xRussian.
650  0$aRussian language$xSynonyms and antonyms.
650  0$aGeorgian language$xSynonyms and antonyms.
655  7$aDictionaries.$2fast
700 1 $aT︠S︡ibakhashvili, G. I.$q(Georgiĭ Ivanovich),$ejoint author.
700 1 $aT͡Sibakhashvili, G. I.$q(Georgiĭ Ivanovich),$eauthor.
988   $a20020608
906   $0OCLC

