LEADER 00403nam a2200157 a 4500
001 002000413-3
005 20020606093309.7
008 900925s1969    le            000|f ara d
100 1 $aKāmil, Sulaymān.
245 10$aRamād lā tadhruh al-riyāh.
260 0 $aBayrūt :$bDār al-Yaqẓah al-ʻArabīyah,$c1969.
300   $a305 p.
500   $aNovel.
752   $aLebanon$dBeirut.
988   $a20020608
906   $0MH

