LEADER 00713nam a22002051  4500
001 002000414-1
005 20020606093309.7
008 900925r19051990rur     a     00000 rus d
035 0 $aocm81605987
035 0 $aocn234334920
100 1 $aPeshekhonov, A. V.$q(Alekseĭ Vasilʹevich),$d1867-1933.
245 10$aZemelʹnyi︠a︡ nuzhdy derevni :$bi osnovnyi︠a︡ zadachi agrarnoĭ reformy.
246 3 $aZemelʹnye nuzhdy derevni.
250   $aIzd. red. zhurnala "Russkoe Bogatstvo".
260 0 $aS.-Peterburg :$bTip. N.N. Klobukova,$c1905.
300   $a158 p.
650  0$aLand reform$zSoviet Union.
830  0$aHarvard Pre-Soviet law preservation microfilm project ;$v01437.$5mmf
988   $a20020608
906   $0MH

