LEADER 00724nam a22002417a 4500
001 002000415-X
005 20020606093309.7
008 910521s1985    unr           000 0 ukr  
010   $a   91868365 
035 0 $aocm16639364
035 0 $aocm23973809
040   $aDLC$cDLC$dHLS
050  4$aPG3934$b.Z23 1985
090   $ax
245 00$aZ vysoty poli︠a︡ :$bpoeziï /$c[upori︠a︡dnyk T.P. Kolomii︠e︡t︠s︡ʹ].
246 3 $aS vysoty poli︠a︡.
260   $aKyïv :$b"Rad. pysʹmennyk",$c1985.
300   $a196 p. :$bill. ;$c24 cm.
500   $aTitle in colophon: S vysoty poli︠a︡.
650  0$aUkrainian poetry.
700 1 $aKolomii︠e︡t︠s︡ʹ, Tamara,$d1935-
988   $a20020608
906   $0DLC

