LEADER 00995nam a2200265Ia 4500
001 002000416-8
005 20020606093309.7
008 900409s1985    rurc          000 1 rusod
035 0 $aocm21349594
040   $aUIU$cUIU$dHLS
041 1 $arus$hkaz
090   $ax
100 1 $aNūrshaĭyqov, Ăzīlkhan.
245 10$aDorogoĭ pami︠a︡ti :$broman-dialog, povesti /$cAzilʹkhan Nurshaikhov ; avtorizovannyĭ perevod s kazakhskogo Tatʹi︠a︡ny Sartakovoĭ.
246 3 $aPesnʹ druzhby.
246 3 $aIz frontovykh tetradeĭ.
246 3 $aNeokonchennyĭ razgovor.
246 3 $aPi︠a︡tʹ vstrech s Auėzovym.
260   $aMoskva :$bSov. pisatelʹ,$c1985.
300   $a510 p. :$bport. ;$c21 cm.
500   $aTranslated from Kazakh.
505 0 $aIstina i legenda -- Pesnʹ druzhby -- Iz frontovykh tetradeĭ -- Neokonchennyĭ razgovor -- Pi︠a︡tʹ vstrech s Auėzovym.
700 1 $aNūrshaĭyqov, Ăzīlkhan.$tAqiqat pen an︠g︡yz.$lRussian
988   $a20020608
906   $0OCLC

