LEADER 00437nam a22001455u 4500
001 002000417-6
005 20020606093309.7
008 900925|1980    pl           |||||||pol|d
245 00$aMój świat :$bpróby literackie uczniów środowiska elbląskiego /$cred. R. Tomczyk i J. Kolendo.
260 0 $aElbląg :$bElbląskie Tow. Kult.,$c1980.
300   $a80 p.
700 1 $aTomczyk, Ryszard.
700 1 $aKolendo, Jerzy.
988   $a20020608
906   $0MH

