LEADER 00434nam a22001575u 4500
001 002000418-4
005 20020606093309.7
008 900925|1987    uzr          |||||||rus|d
035 0 $aocm37504503
050  4$aPL56.9.M377$bH4145 1987
100 1 $aMatzhon, Omon.
245 10$aZov feniksa :$blegendy /$cperevod s uzbek.
260 0 $aTashkent :$bIzd-vo lit-ry i iskusstva im. G. Guliama,$c1987.
300   $a127 p.
988   $a20020608
906   $0MH

