LEADER 00368nam a22001335u 4500
001 002000420-6
005 20020606093309.7
008 900925|1981    pl           |||||||pol|d
100 1 $aPietrusiewicz, Mieczysław.
245 10$aPolityka oświatowa stronnictw ludowych w Polsce w latach 1918-1932.
260 0 $aSłupsk :$bWSzP,$c1981.
300   $a236 p.
988   $a20020608
906   $0MH

