LEADER 00575cam a2200193I  4500
001 002000421-4
005 20020606093309.7
008 900219s1980    ua       b    000 0 arard
035 0 $aocm23502021
040   $aEYM$cEYM$dWAU
090   $aBP75.2$b.K447 1980
100 1 $aKhafājī, Muḥammad ʻAbd al-Munʻim.
245 10$aMashāhid min al-sīrah al-ʻaţirah
260   $aal-Qāhirah :$bMaṭbaʻat al-Kīlānī,$c1980.
300   $a346 p. ;$c24 cm.
504   $aIncludes bibliographical references.
600 00$aMuḥammad,$cProphet,$d-632.
988   $a20020608
906   $0OCLC

