LEADER 01176nam a2200289 a 4500
001 002000422-2
005 20020606093309.7
008 921016s1968    le            00010 ara d
035 0 $aocm26942226
035 1 $aNJPG92B56930
040   $aNjP$cNjP
043   $aa-le---
090   $aHG1209$b.M88 1968
110 2 $aMuʾtamar al-Waṭanī lil-Inmāʾ$n(3rd :$d1968 :$cBeirut, Lebanon)
245 13$aal-Inmāʾ wa-al-taṣnīʻ fī Lubnān :$bmajmuʻat abḥāth wa-munāqashāt wa-tawṣiyāt al-Muʾtamar al-Waṭanī al-Thālith lil-Inmāʾ alladhī naẓamathu al-nadwah fī 18, 19, 20 Nīsān 1968.
250   $aal-Ṭabʻah 1.
260   $aBayrūt, Lubnān :$bNadwat al-Dirāsāt al-Inmāʾīyah,$c1988.
300   $a358 p. ;$c25 cm.
490 1 $aManshūrāt nadwat al-Dirāsāt al-Inmāʾīyah ;$v5
504   $aIncludes bibliographical references (p. 55-59).
650  0$aMoney$zLebanon$xCongresses.
650  0$aDevaluation of currency$zLebanon$xCongresses.
650  0$aMonetary policy$zLebanon$xCongresses.
651  0$aLebanon$xEconomic conditions$xCongresses.
830  0$aNadwat al-Dirāsāt al-Inmāʾīyah ;$v5
988   $a20020608
906   $0RLIN

