LEADER 00850nam a2200193Ia 4500
001 002000423-0
005 20020606093309.7
008 861017s1985    rur           000 1 rusod
035 0 $aocm14407217
040   $aPIT$cPIT$dHLS
090   $aPG3478.L442$bT5 1985
100 1 $aAleshkin, P.
245 10$aTikhie dni oseni :$brasskazy i povesti /$cPetr Aleshkin.
260   $aMoskva :$b"Sovremennik",$c1985.
300   $a301 p. ;$c21 cm.
440  0$aNovinki "Sovremennika"
505 0 $aSluchaĭnai︠a︡ vstrecha : rasskaz -- Kiselev : rasskaz -- V priemnoĭ : rasskaz -- Polovodʹe : rasskaz -- Slavik Zakharov : rasskaz -- Shutov palet︠s︡ : rasskaz -- Koster u dorogi : malenʹkai︠a︡ povestʹ -- Zharkiĭ denʹ : rasskaz -- Milochka i Gvozdoder : rasskaz -- V novom dome : povestʹ -- Tikhie dni oseni : povestʹ.
988   $a20020608
906   $0OCLC

