LEADER 00921nam a2200253Ia 4500
001 002000424-9
005 20090916123713.0
008 870603s1979    gsr      b    001 0 geood
035 0 $aocm15803739
040   $aCLU$cCLU$dm/c$dHLS
090   $aPK9003$b.C5 1979
100 1 $aČʻikʻobava, Arnold,$d1898-1985.
245 10$aIberoul-kavkasiuri enatʻmecʻnierebis /$cArn. Čʻikʻobava.
246 1 $iTitle in colophon:$aVvedenie v iberiĭsko-kavkazskoe i͡azykoznanie
260   $aTʻbilisi :$bTʻbilisis universitetis gamomcʻemloba,$c1979.
300   $a320 p. ;$c21 cm.
546   $aIn Georgian.
500   $aAt head of title: Tʻbilisis Šromis citʻeli drošis ordenosani saxelmcipʻo universiteti. Kavkasiur enatʻa katʻedra.
500   $aIncludes index.
504   $aBibliography: p. 308-315.
650  0$aCaucasian languages.
752   $aGeorgia (Republic)$dTʻbilisi.
988   $a20020608
906   $0OCLC

