LEADER 01134nam a22002657u 4500
001 002000425-7
005 20020606093309.7
008 900925|1990    is           |||||||heb|d
035 0 $aocn234338790
100 1 $aAdret, Solomon ben Abraham,$d1235-1310.
245 10$aTorat ha-bayit /$cle-Rabenu Shelomoh ben Aderet ; Torat ha-bayit ha-arokh, Torat ha-bayit ha-ḳatsar, Bedeḳ ha-bayit, Mishmeret ha-bayit : ...ʻim marʼe meḳomot le-rishonim, aḥaronim u-fosḳim ; yo. l. ʻa. y. Mosheh b[en]... Yitsḥaḳ Meʼir ha-Kohen Baron.
246 3 $aTorat ha-bayit ha-arokh.
246 3 $aTorat ha-bayit ha-ḳatsar.
246 3 $aBedeḳ ha-bayit.
246 3 $aMishmeret ha-bayit.
260 0 $aYerushalayim :$bM. Baron,$c750- [1990-
300   $a80 p. ;$c31 cm.
500   $a"Tadpis bayit sheviʻi shaʻar shelishi u-reviʻi.
650  0$aPurity, Ritual$xJudaism.
650  0$aResponsa$y1040-1600.
700 1 $aBaron, Mosheh ben Yitsḥaḳ Meʼir,$cha-Kohen.
700 0 $aAaron,$cha-Levi, of Barcelona,$dactive 13th century-14th century.$tBedeḳ ha-bayit.
752   $aIsrael$dJerusalem
988   $a20020608
906   $0MH

