LEADER 01006nam a2200241 a 4500
001 002000426-5
005 20020606093309.7
008 900925s1967    le            000|0bara d
035 0 $aocm31996544
040   $aOSU$cOSU
050  4$aHC415.24$b.M882 1967
111 2 $aMuʾtamar al-Waṭanī lil-Inmāʾ$n(2nd :$d1967 :$cBeirut, Lebanon)
245 13$aal-Mawārid al-mālīyah wa-al-inmāʾ fī Lubnān :$b[majmūʻat abḥāth wa-munāqashāt wa-tawṣīyāt al-Muʾtamar al-Waṭanī al-Thānī lil-Inmāʾ alladhī naẓamatʹhu al-Nadwah fī 29 wa-30 Ādhār wa-1 Nīsān 1967]
250   $aal-Ṭabʻah 1.
260   $aBayrūt :$bNadwat al-Dirāsāt al-Inmāʾīyah,$c1967.
300   $a464 p. ;$c24 cm.
440  0$aManshūrāt Nadwat al-Dirāsāt al-Inmāʾīyah ;$val-kitāb waqm [i.e. raqm] 4
504   $aIncludes bibliographical references.
651  0$aLebanon$xEconomic development.
650  0$aFinance, Public$zLebanon.
752   $aLebanon$dBeirut.
988   $a20020608
906   $0OCLC

