LEADER 00757pam a2200253 a 4500
001 002000427-3
005 20020606093309.7
008 900209s1990    waua     b    00100 eng  
010   $a   90008149 
020   $a0819403784
020   $a0819403792 (pbk.)
035 0 $aocm21117739
040   $aDLC$cDLC$dMCS
050 00$aQC475$b.S36 1990
082 00$a539.2$220
245 00$aSelected papers on radiometry /$cIrving J. Spiro, editor.
260 0 $aBellingham, Wash. :$bSPIE Optical Engineering Press,$cc1990.
300   $axii, 692 p. :$bill. ;$c28 cm.
440  0$aSPIE milestone series ;$vv. MS 14
504   $aIncludes bibliographical references.
650  0$aRadiation$xMeasurement.
700 1 $aSpiro, Irving J.
988   $a20020608
906   $0DLC

