LEADER 00588nam a22001811  4500
001 002000428-1
005 20080219083038.0
008 900925r19061990rur     a     00000 rus d
035 0 $aocm81302349
100 1 $aPeshekhonov, A. V.$q(Alekseĭ Vasilʹevich),$d1867-1933.
245 10$aSushchnostʹ agrarnoĭ problemy.
260 0 $aS.-Peterburg :$b[s.n.],$c1906.
300   $a32 p. ;$c22 cm.
440  0$aKnigoizdatelʹstvo "Russkoe bogatstvo"
650  0$aLand tenure$zSoviet Union.
830  0$aHarvard Pre-Soviet law preservation microfilm project ;$v01438.$5mmf
988   $a20020608
906   $0MH

