LEADER 00758cam a2200217Ia 4500
001 002000429-X
005 20080820110001.0
008 870709s1986    unr      d    000 0 ukrod
035 0 $aocm16662583
040   $aNYP$cNYP$dNOC$dHLS
041 0 $aukrfre
090   $aPG3892$b.U384 1986
245 00$aUkraïnsʹko-frant︠s︡uzʹkyĭ slovnyk /$cukladachi K.M. Andrashko, O.O. Kolomii︠e︡t︠s︡ʹ, K.M. Tyshchenko ; za redakt︠s︡ii︠e︡i︠u︡ K.M. Tyshchenka.
260   $aKyïv :$bRadi︠a︡nsʹka shkola",$c1986.
300   $a391 p. ;$c18 cm.
650  0$aUkrainian language$xDictionaries$xFrench.
700 1 $aAndrashko, K. M.
700 1 $aKolomii︠e︡t︠s︡ʹ, O. O.
700 1 $aTyshchenko, Kosti͡antyn
988   $a20020608
906   $0OCLC

