LEADER 01204nam a2200253Ia 4500
001 002000430-3
005 20020606093309.7
008 901206s1883    mau      b    00010 swe d
035 0 $aocn427293274
035 0 $aocm22786259
040   $aHMM$cHMM
100 1 $aLinnström, Hjalmar,$d1836-1914.
245 10$aSvenskt boklexikon :$båren 1830-1865 /$cutarbetadt af Hjalmar Linnström.
260 0 $aStockholm :$bH. Linnström,$c1883-1884.
300   $a2 v. ;$c27 cm.
500   $aArranged alphabetically by authors, with brief biographical data.
500   $aContinued by the Svensk bok-katalog, 1866-
505 0 $av. 1. A-L (specialregister öfver följande grupper: Förordningar, finska. Förordningar, svenska. Förslag. Förteckningar. Handböcker. Handlingar. Historier. Kataloger. Luthers skrifter) -- v. 2. M-Ö. (Tillägg. Specialregister öfver Visor. Förteckning öfver boktryckare och boktryckerier 1830-1865. Förteckning öfver använda källarbeten. Förkortningar. Efterord)
650  0$aSwedish literature$vBibliography.
650  0$aPrinting$zSweden$xHistory.
650  0$aFinnish literature$vBibliography.
651  0$aSweden$xBio-bibliography.
988   $a20020608
906   $0MH

