LEADER 00714nam a2200217Ia 4500
001 002000431-1
005 20020606093309.7
008 870723s1985    unra          000 0 ukrod
035 0 $aocm16267185
040   $aCLE$cCLE$dHLS
043   $ae-ur-un
050  4$aPG3926$b.S79 1985x
090   $aPG3926$b.S79 1985x
245 00$aStruny sert︠s︡i︠a︡ :$bukraïns'ki narodni pisni : zbirnyk /$c[upori︠a︡dkuvanni︠a︡ Natali Shumady ; ili︠u︡strat︠s︡iï Tamary Kudish].
260   $aKyïv$b"Dnipro",$c1985.
300   $a246 p.$bcol. ill. ;$c18 cm.
650  0$aFolk songs, Ukrainian$xTexts.
655  7$aTexts.$2fast
700 1 $aShumada, Natalii︠a︡ Serhiïvna.
988   $a20020608
906   $0OCLC

