LEADER 01153pam a2200313 a 4500
001 002000432-X
005 20020606093309.7
008 900523s1990    waua     b    00000 eng  
010   $a   90039927 
020   $a0819404721 :$c$25.00
035 0 $aocm21876512
040   $aDLC$cDLC$dMCS
050 00$aQC352$b.T43 1990
082 00$a621.36$220
245 00$aTechnology of our times :$bpeople and innovation in optics and optoelectronics /$ceditor, Frederick Su.
260 0 $aBellingham, Wash., USA :$bSPIE Optical Engineering Press,$cc1990.
300   $aviii, 227 p. :$bill. ;$c26 cm.
500   $a"A publication of SPIE--The International Society for Optical Engineering."
504   $aIncludes bibliographical references.
650  0$aOptics$xHistory.
650  0$aOptoelectronics$xHistory.
650  0$aPhysicists$xInterviews.
650  0$aEngineers$xInterviews.
655  7$aHistory.$2fast
655  7$aInterviews.$2fast
700 1 $aSu, Frederick,$d1947-
776 08$iOnline version:$tTechnology of our times.$dBellingham, Wash., USA : SPIE Optical Engineering Press, ©1990$w(OCoLC)645955726
988   $a20020608
906   $0DLC

