LEADER 00519cam a2200181Ia 4500
001 002000433-8
005 20020606093309.7
008 850808s1984    rura          000 0 rusod
035 0 $aocm12361978
040   $aEUE$cEUE$dAZU$dHLS
090   $aPG3476.L48$bT73 1984
100 1 $aLench, Leonid,$d1905-
245 10$aTrudnyĭ starik :$bkomedii /$cLeonid Lench.
260   $aMoskva :$bSovetskiĭ pisatelʹ,$c1984.
300   $a341 p. :$bport. ;$c20 cm.
500   $aIn Russian; romanized record.
988   $a20020608
906   $0OCLC

