LEADER 00448nam a22001695u 4500
001 002000434-6
005 20051013125504.0
008 900925|1976    gsr          |||||||geo|d
100 1 $aKodua, Eduard.
245 10$aK voprosu o smysle istorii.
260 0 $aTbilisi :$bIzd-vo Tbilisskogo un-ta,$c1976.
300   $a472 p.
546   $aIn Georgian.
500   $aNa gruzinskom iazyke.
752   $aGeorgia (Republic)$dTʻbilisi.
988   $a20020608
906   $0MH

