LEADER 00537nam a22001817  4500
001 002000435-4
005 20020606093309.7
008 900925s1837    gr           |00||||gre|d
035 0 $aocm22925483
040   $aHHG$cHHG
110 2 $aPhilekpaideutikē Hetaireia.
245 10$aEnkathidrysis tou scholeiou tōn korasiōn tēs Philekpaideutikēs Hetairias.
260 0 $aEn Athēnais,$bEk tes typographias A. Koromēla,$c1837.
300   $a16 p.$c21 cm.
650  0$aEducation$zGreece.
752   $aGreece$dAthens.
988   $a20020608
906   $0MH

