LEADER 00441nas a22001452  4500
001 002000436-2
005 20020606093309.7
008 880629u19249999it || m|||||||||||||ita d
035 0 $aocm10573072
035 0 $aocn236080680
245 00$aPubblicazioni della Università cattolica del Sacro Cuore.$nSerie 5,$pScienze storiche.
260   $aMilano :$bVita e pensiero,$c1924-
710 2 $aUniversita cattolica del Sacro Cuore.
988   $a20020608
906   $0MH

