LEADER 00906nam a2200241Ia 4500
001 002000437-0
005 20020606093309.7
008 831020s1979    ua h     b    000 0 ara d
020   $c£ E 1.20
035 0 $aocm10036946
040   $aTKN$cTKN
090   $aBP130.7$b.M82 1979
100 0 $aMuʼayyad billāh Aḥmad ibn al-Ḥusayn,$d944 or 945-1030?
245 10$aIthbāt nubūwāt al-Nabī /$ctaʼlīf abī al-Ḥusayn Aḥmad ibn al-Ḥusayn ibn Harūn al-Harūnī li-Ḥasná al-Zaydī; taḥqīq Khalīl Aḥmad Ibrāhīm al-Ḥājj.
250   $a1. al-Ṭabʻah
260   $a[al-Qāhirah]:$bDār al-Turāth al ʻArabī,$c1979.
300   $a180 p. :$bfacsims. ;$c24 cm.
504   $aIncludes bibliographical references.
600 00$aMuḥammad,$cProphet,$d-632.
630 00$aQurʼan$xEvidences, authority, etc.
700 1 $aḤājj, Khalīl Aḥmad Ibrāhīm.
988   $a20020608
906   $0OCLC

