LEADER 00764cam a2200241 a 4500
001 002000438-9
005 20040923115711.0
008 870902s1986    unra          000 0 ukro 
010   $a   87171250 //r92
020   $c2.20rub
035 0 $aocm17481686
040   $aDLC$cDLC$dHLS
043   $ae-ur-un
050 00$aDK508.95.T47$bT47 1986
245 10$aTernopilʹ =$bTernopolʹ = Ternopol : fotoalʹbom /$cavtor foto B.O. Mindelʹ ; upori︠a︡dnyk ta avtor vstupnoï statti A.F. Trynʹko.
246 3 $aTernopolʹ.
260   $aKyïv :$b"Mystet︠s︡tvo",$c1986.
300   $a[96] p. :$bchiefly col. ill. ;$c22 cm.
651  0$aTernopilʹ (Ukraine)$xPictorial works.
700 1 $aMindelʹ, B. O.
700 1 $aTrynʹko, A. F.
988   $a20020608
906   $0DLC

