LEADER 00767cam a2200205 a 4500
001 002000439-7
005 20030206131235.0
008 890718s1869    nju           000 0 eng d
035 0 $aocm20029521
035 0 $aocm20029521$zocm00554665
040   $aSMI$cSMI$dHBS
100 1 $aTerry, Samuel Hough.
245 14$aThe retailer's manual :$bembodying the conclusions of thirty years' experience in merchandizing /$cby Samuel Hough Terry.
260   $aNewark, N.J. :$bPrinted for the author, by Jennings Brothers,$c1869.
300   $a406 p. ;$c20 cm.
500   $aPublished also under title: How to keep a store.
650  0$aRetail trade.
830  0$aHarvard pre-1920 social history/business preservation microfilm project ;$v1682.$5mmf
988   $a20020608
906   $0OCLC

