LEADER 00396nam a22001335u 4500
001 002000440-0
005 20020606093309.7
008 900925|1975    gs           |||||||geo|d
100 1 $aKavtaradze, K. IA.
245 10$aDeiatelʹnostʹ bolʹshevistskoi partii v gody pervoi russkoi revoliutsii i reaktsii.
260 0 $aTbilisi :$bIzd-vo Tbilisskogo un-ta,$c1975.
300   $a269 p.
988   $a20020608
906   $0MH

