LEADER 00578nam a2200205 a 4500
001 002000441-9
005 20020606093309.7
008 850703s1984    rur           000 1 ruso 
010   $a   85174170 
020   $c0.90rub
035 0 $aocm12701633
040   $aDLC$cDLC$dm/c$dHLS
050 0 $aPG3479.7.G66$bV36 1984
100 1 $aEgorov, Vladislav Viktorovich.
245 10$aVcherashnie istorii :$bpovesti i rasskazy /$cVladislav Egorov.
260   $aMoskva :$b"Sovremennik",$c1984.
300   $a283 p. ;$c17 cm.
440  0$aNovinki "Sovremennika"
988   $a20020608
906   $0DLC

