LEADER 00798cam a2200301   4500
001 002000442-7
005 20081028142501.0
008 730220s1972    nyua     b    001 0 eng  
010   $a   72085216 //r92
020   $a0876680554
035 0 $aocm00589144
035 0 $aocm00589144$zocm00687510
040   $aDLC$cDLC$dm.c.$dHMG
050 00$aRJ506.A9$bT87
082 00$a618.9/28/982
100 1 $aTustin, Frances
245 10$aAutism and childhood psychosis.
260   $a[New York]$bScience House,$c1972.
300   $a200 p.$billus.$c23 cm.
504   $aBibliography: p. 184-188.
650  0$aAutism in children.
650  0$aChild psychiatry.
650  2$aAutistic Disorder
650  2$aPsychotic Disorders
650  2$aChild
650  2$aInfant
988   $a20020608
906   $0DLC

