LEADER 00975cas a2200301   4500
001 002000443-5
005 20020606093309.7
008 740305d19671973at uu     s  f0uuua0eng  
010   $a   74640101 //r82
022   $a0571-964X
035 0 $aocm01791029
040   $aDLC$cDLC$dm.c.$dOCL$dDLC$dHUL
042   $alc
043   $au-at---
050 00$aHC601$b.A328a
082 0 $a330.994/005$219
110 1 $aAustralia.$bCommonwealth Bureau of Census and Statistics.
210 0 $aSeas. adjust. indic.$b(Canb.)
222 10$aSeasonally adjusted indicators$b(Canberra)
245 00$aSeasonally adjusted indicators.
260 00$aCanberra$b[F. D. Atkinson, Govt. Printer]
300   $av.$c30 cm.
362 1 $aBegan in 1967.$zCf. Reg. de l'ISDS.
362 0 $a-1973.
650  0$aEconomic indicators$zAustralia.
785 00$aAustralian Bureau of Statistics.$tSeasonally adjusted indicators$x0571-964X$w(DLC) 75642357$w(OCoLC)1799282
988   $a20020608
906   $0DLC

