LEADER 00369nas a22001335u 4500
001 002000444-3
005 20020606093309.7
008 900925d19391939ilu |  ||    |||||||eng|d
245 10$aTrade barrier news.
260 00$aChicago :$bCouncil of State Governments.
362 0 $aVol. 1, no.1-2 (May 15-Aug. 21, 1939)
710 2 $aCouncil of State Governments.
988   $a20020608
906   $0MH

