LEADER 00751aam a2200265 a 4500
001 002000445-1
005 20020606093309.7
008 900920s1990    it       b    000 0 ita  
010   $a   90196786 
020   $a8871191420
020   $z8971191420
035 0 $aocm22952422
040   $aDLC$cDLC$dHLS
050 00$aPN1995$b.B766 1990
082 00$a791.43/01$220
100 1 $aBruno, Edoardo.
245 10$aDentro la stanza /$cEdoardo Bruno.
260   $aRoma :$bBulzoni,$cc1990.
300   $a93 p. ;$c19 cm.
440  0$aEstetica.$pStrumenti ;$v1
504   $aIncludes bibliographical references (p. 92-93).
650  0$aMotion pictures$xAesthetics.
650  0$aMotion picture plays$xHistory and criticism.
988   $a20020608
906   $0DLC

