LEADER 00669cam a2200217 a 4500
001 002000446-X
005 20020606093309.7
008 930730s1979    ua a     b    000|0 ara d
035 0 $aocn234776400
035 1 $aNJPG93B41611
040   $aNjP$cNjP
090   $aBS546$b.M327 1979
100 0 $aMattá al-Miskīn,$d1920-
245 10$aQiṣaṣ masīḥīyah lil-ḥayāh /$cMattá al-Miskīn.
250   $aal-Ṭabʻah 1.
260   $a[Cairo] :$bDayr al-Qiddīs Anbā Maqār,$c1979.
300   $a151 p. :$bill. ;$c20 cm.
504   $aIncludes bibliographical references.
650  0$aBible stories, Arabic$xO.T$xHistory and criticism.
988   $a20020608
906   $0RLIN

