LEADER 01246pam a2200349 a 4500
001 002000447-8
005 20020606093309.7
008 891220s1990    enk      b    001 0deng  
010   $a   89077972 
020   $a0582063728 (U.S.)
035 0 $aocm20894949
040   $aDLC$cDLC$dHLS
043   $an-us---
050 00$aE185.61$b.W59 1990
082 00$a973/.0496073022$aB$220
100 1 $aWhite, John,$d1939-
245 10$aBlack leadership in America :$bfrom Booker T. Washington to Jesse Jackson /$cJohn White.
250   $a2nd ed.
260   $aLondon ;$aNew York :$bLongman,$c1990.
300   $ax, 223 p. ;$c22 cm.
490 1 $aStudies in modern history
500   $aRev. ed. of: Black leadership in America, 1895-1968. 1985.
504   $aIncludes bibliographical references (p. 195-217) and index.
650  0$aAfrican American leadership$xHistory.
650  0$aAfrican Americans$xPolitics and government.
650  0$aAfrican Americans$vBiography.
650  0$aBlack nationalism$zUnited States$xHistory.
651  0$aUnited States$xRace relations.
700 1 $aWhite, John,$d1939-$tBlack leadership in America, 1895-1968.
830  0$aStudies in modern history (Longman (Firm))
988   $a20020608
906   $0DLC

