LEADER 00635nam a22001335u 4500
001 002000448-6
005 20020606093309.7
008 900925|1977    yu           |||||||hrv|d
111 2 $aJugoslovenska konferencija o alkoholizmu, nikotinizmu i narkomanijama$n(2nd :$d1977 :$cSarajevo, Bosnia and Herzegovina)
245 10$aAkcioni program borbe protiv alkoholizma, nikotonizma i narkomanija /$cII Jugoslovenska konferencija o alkoholizmu, nikotinizmu i narkomanijama, Sarajevo, 24. 4. 1977. god..
260 0 $aSarajevo :$bSavez protiv alkoholizma i drugih toksikomanija SR BiH--Republički odbor,$c1977.
300   $a31 p.
988   $a20020608
906   $0MH

