LEADER 00414nam a22001455u 4500
001 002000449-4
005 20020606093309.7
008 900925|1977    gsr          |||||||geo|d
100 1 $aMinashvili, V.
245 10$aLirika Ilʹi Chavchavadze :$bk kharakteristike tvorcheskikh aspektov.
260 0 $aTbilisi :$bIzd-vo Tbilisskogo un-ta,$c1977.
300   $a144 p.
500   $aNa gruzinskom iazyke.
988   $a20020608
906   $0MH

