LEADER 00606nam a2200205Ii 4500
001 002000450-8
005 20020606093309.7
008 890920s1980    ua            000 0 ara  
010   $a   80969879 /NE
020   $a9777011369
035 0 $aocm20374943
040   $aDLC$cWAU$dWAU
050 0 $aBP188.2$b.S515
100 1 $aShaʻrāwī, Muḥammad Mutawallī.
245 10$aIslām wa-ḥarakat al-ḥayāh /$cMuḥammad Mutawallī al-Shaʻrāwī.
260   $aal-Qāhirah :$bDār al-Mukhtār al-Islāmī,$c[1980]
300   $a92 p. ;$c20 cm.
650  0$aReligious life$xIslam.
988   $a20020608
906   $0DLC

