LEADER 00667nam a22001931  4500
001 002000451-6
005 20020606093309.7
008 900925r19001990rur     a     00010 rus d
010   $a   42026208 
035 0 $aocn234334926
035 0 $aocn234334928
100 1 $aPiontkovskīĭ, A. A.$q(Andreĭ Antonovich),$d1862-1973.
245 10$aUslovnoe osvobozhdenīe :$bugolovno-politicheskoe izsli︠e︡dovanīe /$cA.A. Piontkovskīĭ.
260 0 $aKazanʹ :$bTipo-lit. Imperatorskago universiteta,$c1900.
300   $avii, 241 p. ;$c23 cm.
650  0$aParole.
830  0$aHarvard Pre-Soviet law preservation microfilm project ;$v01439.$5mmf
988   $a20020608
906   $0MH

