LEADER 00650nam a22002057u 4500
001 002000452-4
005 20150302133650.0
008 900925|1990    is           |||||||heb|d
035 0 $aocm22924738
110 2 $aMuzeʾon Tel Aviv.
245 10$aLe-tsayer be-or :$bha-hebeṭ ha-tsilumi bi-yetsirat A. M. Lilyen.
260 0 $aTel Aviv :$bha-Muzeʾon :$bDevir,$c1990.
300   $a221 p. :$bills. ;$c32 p.
440  0$aMuzeʾon Tel Aviv le-omanut ;$v3/90
600 10$aLilien, Ephraim Mose,$d1874-1925.
710 2 $aMuzeʼon Tel Aviv le-omanut.
700 1 $aLilien, Ephraim Mose,$d1874-1925.
752   $aIsrael$dTel Aviv
988   $a20020608
906   $0MH

