LEADER 00505nam a2200181 a 4500
001 002000453-2
005 20020606093309.7
008 900925s1970    le            000|0 ara d
035 0 $aocm47928345
050 00$aPJ 7844$b.L12 M8
100 1 $aLabābīdī, Ṣalāḥ.
245 10$aMudhakkirāt mudīr būlīs.
260 0 $aBayrūt :$bDār al-Ḥaḍārah,$c1970.
300   $a260 p. ;$c17 cm.
650  0$aPolice$xCorrespondence, reminiscences, etc.
752   $aLebanon$dBeirut.
988   $a20020608
906   $0MH

