LEADER 00395nam a22001455u 4500
001 002000454-0
005 20020606093309.7
008 900925|1977    gsr          |||||||geo|d
100 1 $aMetreveli, V.
245 10$aVzgliady Ilʹi Chavchavadze na gosudarstvo i pravo.
260 0 $aTbilisi :$bIzd-vo Tbilisskogo un-ta,$c1977.
300   $a148 p.
500   $aNa gruzinskom iazyke.
988   $a20020608
906   $0MH

