LEADER 01278nam a22003258a 4500
001 002000455-9
005 20020606093309.7
008 900507s1990    enk      b    00110 eng  
010   $a   90037017 
020   $a0415041627
035 0 $aocm21601022
040   $aDLC$cDLC
041 1 $aeng$hara
043   $aar-----
050 00$aJQ1825.A75$bN3613 1990
082 00$a320.953$220
100 10$aNaqīb, Khaldūn Ḥasan.
240 10$aMujtamaʻ wa-al-dawlah fī al-Khalīj wa-al-Jazīrah al-ʻArabīyah.$lEnglish
245 10$aSociety and state in the Gulf and Arab Peninsula :$ba different perspective /$cKhaldoun Hasan al-Naqeeb ; translated by L.M. Kenny ; emended by Ibrahim Hayani.
260 0 $aLondon ;$aNew York :$bRoutledge,$c1990.
300   $axxi, 206 p. ;$c23 cm.
500   $aTranslation of: al-Mujtamaʻ wa-al-dawlah fī al-Khalīj wa-al-Jazīrah al-ʻArabīyah.
504   $aIncludes bibliographical references and index.
650  0$aPolitics, Practical$zArabian Peninsula$xHistory.
650  0$aSocial mobility$zArabian Peninsula$xHistory.
650  0$aIslam and state$zArabian Peninsula$xHistory.
651  0$aArabian Peninsula$xPolitics and government.
651  0$aArabian Peninsula$xEconomic conditions.
988   $a20020608
906   $0DLC

