LEADER 00489nam a22001335u 4500
001 002000456-7
005 20020606093309.7
008 900925|1969    yu           |||||||hrv|d
111 2 $aKonferencija samoupravljača železničara$n(1st :$d1969 :$cLjubljana, Slovenia)
245 10$aPrva konferencija samoupravljača železničara, Ljubljana 20. i 21. februara 1969.
260 0 $aBeograd :$bZavod za novinsko-izdavačku i propagandnu delatnost JŽ,$c[1969].
300   $a77 p.
988   $a20020608
906   $0MH

