LEADER 00926nam a2200229Ia 4500
001 002000457-5
005 20090712120221.0
008 881025s1986    unr           000 0 ukrod
035 0 $aocm18663019
040   $aOSU$cOSU$dHLS
041 0 $aukr$bengfregerrus
050 0 $aPG3948.S51$bP58 1986
100 1 $aPoli͡anychko, O. I.$q(Olʹha Ivanivna)
245 10$aLiteraturno-memorialʹnyĭ budynck-muzeĭ T.H. Shevchenko v Kyi︠e︡ve :$bfotoputivnyk /$c[O.I. Poli︠a︡nychko ... et al.]
260   $aKyïv :$b"Mystet︠s︡tvo,"$c1986.
300   $a125 p. :$bill. (some col.), ports. ;$c17 cm.
500   $aText and captions in Ukrainian; summary in English, French, German, and Russian.
610 20$aLiteraturno-memorialʹnyĭ budynok-muzeĭ T.H. Shevchenka v Kyi͡evi.
600 10$aShevchenko, Taras,$d1814-1861$xHomes and haunts.
600 10$aShevchenko, Taras,$d1814-1861$xPortraits.
988   $a20020608
906   $0OCLC

