LEADER 00531nam a2200169   4500
001 002000458-3
005 20020606093309.7
008 890228s1970    iq |||||||||||||| ||ara|d
035 1 $aMIUGAFS5491B
040   $cSAZTEC$dCStRLIN
100 1 $aSallūm, Dāʾūd.
245 13$aal-Naqd al-ʻarabī al-qadīm, bayna al-Istiqrāʾ wa-al-taʾlīf /$ctaʾlīf Dāʾūd Sallūm.
260   $aBaghdād,$bMaktabat al-Andulus,$c[1970]
300   $a344 p.$c25 cm.
650  0$aArabic literature$xHistory and criticism.
988   $a20020608
906   $0RLIN

