LEADER 00768cam a2200217   4500
001 002000459-1
005 20030206131241.0
008 771202s1900    xx            000 0 eng u
010   $a   00003760 
035 0 $aocm03460602
040   $cDLM$dHBS
050 0 $aHF5466$b.S3
100 1 $aSawyer, Samuel.
245 10$aSecrets of the mail-order trade:$ba practical manual for those embarking in the business of advertising and selling goods by mail,$cby Samuel Sawyer.
260   $aNew York and Waterville, Me.,$bThe Sawyer Publishing Company,$c1900.
300   $a180 p.$c20 cm.
650  0$aMail-order business.
650  0$aAdvertising.
830  0$aHarvard pre-1920 social history/business preservation microfilm project ;$v1683.$5mmf
988   $a20020608
906   $0MH

