LEADER 00582nam a22001811  4500
001 002000460-5
005 20020606093309.7
008 900925r19141990rur     a     00010 rus d
035 0 $aocm80478646
100 1 $aPlanson, A.
245 10$aOkonchatelʹnoe ustroĭstvo Russkago Gosudarstva /$cA. Planson.
246 3 $aOkonchatelʹnoe ustroĭstvo Russkogo Gosudarstva.
260 0 $aS.-Peterburg :$b[s.n.],$c1914.
300   $a20 p.
650  0$aConstitutional law$zSoviet Union.
830  0$aHarvard Pre-Soviet law preservation microfilm project ;$v01443.$5mmf
988   $a20020608
906   $0MH

