LEADER 00581nam a2200205   4500
001 002000461-3
005 20020606093309.7
008 881028s1968    ti            000 0 ara d
010   $ane 68002402 
035 0 $aocm10955819
035 1 $aMIUGAEE5402B
040   $cCarP$dMiu
050 0 $aPJ7862.A257$bS5 (Orien Arab)
100 1 $aṢabbāgh, Muḥammad,$d1927-
245 10$aShumūʻ ʻalʹa al-ṭarīq /$cMuḥammad al-Ṣabbāgh.
260   $a[Tunis] :$bal-Dār al-Tūnisīyah lil-Nashr,$c1968.
300   $a82 p.$c21 cm.
500   $aRomanized.
988   $a20020608
906   $0RLIN

