LEADER 00397nam a22001335u 4500
001 002000462-1
005 20020606093309.7
008 900925|1977    gsr          |||||||geo|d
100 1 $aMeshveliani, K.
245 10$aIstoriia iuzhnykh i zapadnykh slavian :$b(Bolgariia) (XIX v.- oktiabrʹ 1917 g.)
260 0 $aTbilisi :$bIzd-vo Tbilisskogoun-ta,$c1977.
300   $aNa gruz. iazyke.
988   $a20020608
906   $0MH

