LEADER 00461nam a2200181M  4500
001 002000463-X
005 20020606093309.7
008 890228s1970    xx            000 0 ara d
035 0 $aocm23507165
040   $aEYM$cEYM
050  4$aPJ 7701$b.A16 T16 Z5 S95
100 1 $aSulṭān, Jamīl.
245 10$a(Abū Tammām)
260   $c[1970]
300   $a175 p.
600 00$aAbū Tammām Ḥabīb ibn Aws al-Ṭāʼī,$dactive 808-842.
988   $a20020608
906   $0OCLC

