LEADER 01127cam a2200349 a 4500
001 002000464-8
005 20050319140848.0
008 910129s1990    enka     b    001 0 eng  
010   $a   91110330 //r943
020   $a0415052602
035 0 $aocm23252952
035 0 $aocm21078599
040   $aDLC$cDLC$dDPN
043   $ae------$an------$as------
050 00$aE59.P89$bM37 1990
050 14$aE169.1
082 00$a306$220
082 04$a306.0973$220
100 1 $aMason, Peter,$d1952-
245 10$aDeconstructing America :$brepresentations of the other /$cPeter Mason.
260   $aLondon ;$aNew York :$bRoutledge,$c1990.
300   $avii, 216 p. :$bill. ;$c24 cm.
504   $aIncludes bibliographical references (p. 188-202) and indexes.
650  0$aEthnocentrism.
650  0$aAnthropology$xPhilosophy$xHistory.
650  0$aDeconstruction.
650  0$aIndians$xPublic opinion.
651  0$aAmerica$xForeign public opinion, European$xHistory.
651  0$aamerica$xDiscovery and exploration$xHistoriography.
650  0$aIndians$xFirst contact with Europeans.
988   $a20020608
906   $0DLC

