LEADER 00684cam a2200217Ia 4500
001 002000465-6
005 20020606093309.7
008 850717s1980    ua       b    000 0 ara d
010   $a   80960664 
035 0 $aocm12274100
035 0 $aocm12274100$zocm19459404
040   $aDGU$cDGU$dOCL$dORZ
090   $aBP130.4$b.S538 1980
100 1 $aSharqāwī, ʻIffat Muḥammad.
245 10$aQaḍāyā insānīyah fī aʻmāl al-mufassirīn /$ctaʼlīf ʻIffat al-Sharqāwī.
260   $a[Cairo] :$bMaktabat al-Shabāb,$c1980.
300   $a269 p. ;$c24 cm.
504   $aBibliography : p. 263-269.
630 00$aQurʼan$xCriticism, interpretation, etc.
988   $a20020608
906   $0OCLC

