LEADER 00904nam a22002657a 4500
001 002000466-4
005 20140127112017.0
008 900925s1990    pl            001|0 pol d
020   $a8385168001 :$czł9,000.00
035 0 $aocm28362213
040   $aDLC$cDLC
043   $ae-pl---
050 00$aZ6956.P7$bK58 1990$aPN5355.P6
090   $aPN5355.P6$bZ995 1990x
100 1 $aKonderak, Adam,$d1946-
245 10$aBibliografia prasy Solidarności, 28 VIII 1980-12 XII 1981 /$cAdam Konderak.
260   $aLublin :$bOficyna Wydawnicza,$c1990.
300   $a156 p. ;$c21 cm.
500   $aIncludes indexes.
650  0$aPress, Labor$zPoland$xPeriodicals$vBibliography.
610 20$aNSZZ "Solidarność" (Labor organization)$xPeriodicals$vBibliography.
700 1 $aOficyna Wydawnicza Fundacji Solidarności.
730 0 $aSolidarity Collection (Houghton Library)$5hou
988   $a20020608
906   $0DLC

