LEADER 00506nam a22001455u 4500
001 002000467-2
005 20020606093309.7
008 900925|1980    yu           |||||||slv|d
245 10$aRazvoj mednarodnih odnosov in zunanjepolitična dejavnost Jugoslavije /$codgovorni urednik Vladimir Đurković.
260 0 $aBeograd :$bSekretariat Skupščine SFRJ za informacije,$c1980.
300   $a60 p.
490 0 $aKnjižnica Skupščine SFRJ ;$vletnik 7, zv. 5
700 1 $aĐurković, Vladimir.
988   $a20020608
906   $0MH

