LEADER 00366nam a2200157 a 4500
001 002000468-0
005 20020606093309.7
008 900925s1950    le            000|1 ara d
035 0 $aocm47962677
245 00$aIlá ikhwatī.
260   $aBayrūt :$b[s.n.],$c1950.
300   $a134 p. ;$c21 cm.
500   $aNovel.
752   $aLebanon$dBeirut.
988   $a20020608
906   $0MH

