LEADER 00818pam a2200277 a 4500
001 002000469-9
005 20020606093309.7
008 920824s1992    enkach        000 0ceng d
010   $agb 90043145 
015   $aGB90-43145
020   $a0283060522 :$c£14.99
035 0 $aocm22624307
040   $aUKM$cUKM$dHLS
050 14$aML421.Q44
082 04$a781.660922$220
100 1 $aGunn, Jacky.
245 10$aQueen :$bas it began /$cJacky Gunn and Jim Jenkins, written in co-operation with Queen.
260   $aLondon :$bSidgwick & Jackson,$c1992.
300   $a281 p. :$bcol. ill., facsims., ports. (some col.) ;$c25 cm.
504   $aDiscography: p. 257-281.
653 0 $aRock music
653 0 $aGreat Britain
653   $aPop music$aQueen (Group)
700 1 $aJenkins, Jim.
988   $a20020608
906   $0OCLC

