LEADER 01204pam a2200325 a 4500
001 002000470-2
005 20020606093309.7
008 810903s1981    nyua     b    00100 eng  
010   $a   81007080 
020   $a0808914502 :$c$33.00
020   $z0808914508
035 0 $aocm07795921
040   $aDLC$cDLC$dm/c$dHMS
050 0 $aRC685.E5$bT73
060 00$aWG 285$bT784 1981
082 0 $a616.1/1$219
245 00$aTreatment of infective endocarditis /$cedited by Alan L. Bisno.
260 0 $aNew York :$bGrune & Stratton,$cc1981.
300   $axvii, 340 p. :$bill. ;$c24 cm.
500   $a"Grune & Stratton rapid manuscript reproduction."
504   $aIncludes bibliographical references and index.
650  2$aEndocarditis, Bacterial$xdrug therapy.
650  2$aEndocarditis, Bacterial$xtherapy.
650  0$aInfective endocarditis$xChemotherapy.
650  0$aAntibiotics.
700 1 $aBisno, Alan L.
776 08$iOnline version:$tTreatment of infective endocarditis.$dNew York : Grune & Stratton, ©1981$w(OCoLC)607772972
776 08$iOnline version:$tTreatment of infective endocarditis.$dNew York : Grune & Stratton, ©1981$w(OCoLC)609292716
988   $a20020608
906   $0DLC

