LEADER 01076cam a2200325Ia 4500
001 002000471-0
005 20070901100757.0
008 900920s1990    it       b    001 0 ita  
010   $a   90196805 
020   $cL15000
020   $cL15000
035 0 $aocm23140198
040   $aDLC$cDLC$dNOC$dFUG$dHLS
041 0 $aitalat
043   $ae-it---
050 00$aPQ4562.A6$bI5 1990
100 1 $aCardini, Roberto.
245 10$aMosaici, il "nemico" dell'Alberti /$cRoberto Cardini.
246 30$aMosaici
260   $aRoma :$bBulzoni editore,$cc1990.
300   $a89 p. ;$c23 cm.
490 1 $aHumanistica ;$v6
500   $aItalian and Latin.
504   $aIncludes bibliographical references and index.
600 10$aAlberti, Leon Battista,$d1404-1472$xCriticism and interpretation.
600 10$aAlberti, Leon Battista,$d1404-1472.$tIntercenales.
776 08$iOnline version:$aCardini, Roberto.$tMosaici, il "nemico" dell'Alberti.$dRoma : Bulzoni editore, ©1990$w(OCoLC)654679782
830  0$aHumanistica (Rome, Italy) ;$v6.
988   $a20020608
906   $0DLC

