LEADER 00835nam a2200241Ia 4500
001 002000472-9
005 20020606093309.7
008 840326s1980    rur           000 0 rusod
035 0 $aocm10561936
040   $aEMU$cEMU$dHLS
050  4$aPG3484.2.D55$bD47 1980
090   $aPG3484.2.D55$bD47 1980
100 1 $aOdint︠s︡ov, A. I.$q(Aleksandr Ivanovich)
245 10$aDerzkie reĭdy :$b[povesti] /$cA. Odint︠s︡ov, D. I︠U︡ferev.
260   $aMoskva :$bDOSAAF,$c1980.
300   $a174 p. ;$c18 cm.
505 0 $aOtri︠a︡d spet︠s︡naznachenii︠a︡. --Stupeni muzhestva.
650  0$aWorld War, 1939-1945$xCampaigns$zEastern Front$xFiction.
650  0$aMoscow, Battle of, Moscow, Russia, 1941-1942$xFiction.
655  7$aFiction.$2fast
700 1 $aI︠U︡ferev, D.$q(Dmitriĭ)
988   $a20020608
906   $0OCLC

