LEADER 01285cam a2200325Ii 4500
001 002000473-7
005 20020606093309.7
008 800814s1980    ua       b    000 0 arar 
010   $a   80960660 
020   $c£E2.00
035 0 $aocm17180090
040   $aDLC$cDLC$dWAU$dHLS
041 0 $aara$beng
050 0 $aHF5549.5.A83$bT33 1980
100 1 $aṬāhā, Faraj ʻAbd al-Qādir.
245 10$aSaykulūjīyat al-shakhṣīyah al-muʻawwiqah lil-intāj :$bdirāsah naẓarīyah wa-maydānīyah fī al-tawāfuq al-mihanī wa-al-ṣiḥḥah al-nafsīyah /$ctaʾlīf Faraj ʻAbd al-Qādir Ṭāha.
246 3 $aPsychology of the problem worker.
260   $aal-Qāhirah :$bMaktabat al-Khānijī,$c1980.
300   $a275, 10 p. ;$c24 cm.
490 1 $aMajmūʻat ʻilm al-nafs al-insānī
500   $aTitle on added t.p.: Psychology of the problem worker.
500   $aOriginally presented as the author's thesis (doctoral--Jāmiʻat ʻAyn Shams, 1968).
500   $aSummary in English.
504   $aBibliography: p. 271-275.
650  0$aPersonnel management.
650  0$aPsychology, Industrial.
650  0$aWork$xPsychological aspects.
800 1 $aṬāhā, Faraj ʻAbd al-Qādir.$tMajmūʻat ʻilm al-nafs al-insānī.
988   $a20020608
906   $0DLC

