LEADER 00461nam a2200169 a 4500
001 002000474-5
005 20020606093309.7
008 821105s1947    le            00000 araod
035 1 $aMIUG82B51448
040   $aMiU$cMiU
043   $aa-le---
245 00$aJarīmat 25 Ayyār.
260 0 $a[Bayrūt] :$bḤizb al-Kutlah al-Waṭanīyah al-Lubnānīyah,$c1947.
300   $a195 p. ;$c21 cm.
651  0$aLebanon$xPolitics and government.
988   $a20020608
906   $0RLIN

