LEADER 01143aam a2200313 a 4500
001 002000475-3
005 20020606093309.7
008 901219s1990    enka     b    001 0 eng  
010   $a   90229632 /MN
020   $a0718133579 :$c£16.99
035 0 $aocm24631059
040   $aDLC$cDLC$dHLS
043   $ae-uk---
050 00$aML3650$b.P34 1990
082 00$a782.42/1599/0941$220
100 1 $aPalmer, Roy,$d1932-
245 10$aWhat a lovely war :$bBritish soldiers' songs from the Boer war to the present day /$cRoy Palmer ; foreword by Lyn Macdonald.
260   $aLondon :$bM. Joseph,$c1990.
300   $axi, 226 p. :$bill. ;$c26 cm.
504   $aIncludes bibliographical references and index.
650  0$aWar songs$zGreat Britain$xHistory and criticism.
650  0$aWar songs$zGreat Britain$xTexts.
650  0$aSoldiers$zGreat Britain$xSongs and music$xTexts.
655  7$aCriticism, interpretation, etc.$2fast
655  7$aMusic$vTexts.$2fast
655  7$aTexts.$2fast
776 08$iOnline version:$aPalmer, Roy, 1932-$tWhat a lovely war.$dLondon : M. Joseph, 1990$w(OCoLC)891448193
988   $a20020608
906   $0DLC

