LEADER 00994nam a2200277Ia 4500
001 002000476-1
005 20020606093309.7
008 880816c18981893mau     r     000 0 eng d
035 0 $aocm18356736
040   $aMHR$cMHR$dHLS
043   $an-us-ma
050  4$aF64$b.A32 1898
090   $aF64$b.A32 1898
100 1 $aAdams, Charles Francis,$d1835-1915.
245 10$aMassachusetts, its historians and its history :$ban object lesson /$cby Charles Francis Adams.
250   $a3rd ed.
260   $aBoston :$bHoughton, Mifflin,$c1898, c1893.
300   $a110 p. ;$c21 cm.
650  0$aFreedom of religion$zMassachusetts.
651  0$aMassachusetts$xHistory.
651  0$aMassachusetts$xChurch history.
655  7$aChurch history.$2fast
655  7$aHistory.$2fast
776 08$iOnline version:$aAdams, Charles Francis, 1835-1915.$tMassachusetts, its historians and its history.$b3rd ed.$dBoston : Houghton, Mifflin, 1898, ©1893$w(OCoLC)903668036
988   $a20020608
906   $0OCLC

