LEADER 00649nam a22001695u 4500
001 002000477-X
005 20020606093309.7
008 900925|1968    yu           |||||||hrv|d
035 0 $aocm15043706
110 1 $aYugoslavia.$bSavezna skupština.
245 10$aPredlog sistema za obezbeđivanje osnovne zdravstvene zaštite i zdravstvenog osiguranja stanovništva :$bza javnu diskusiju /$codgovorni urednik Dragoljub Đurović.
260 0 $aBeograd :$bSekretarijat za informativnu službu Savezne skupštine,$c1968.
300   $a79 p.
490 0 $aBibloteka Savezne skupštine ;$vkolo 5, sv. 1
700 1 $aĐurović, Dragoljub.
988   $a20020608
906   $0MH

