LEADER 01064cam a2200289 a 4500
001 002000478-8
005 20020606093309.7
008 901107s1990    wlk           001 0 eng d
010   $agb 90040737 
015   $aGB90-40737
020   $a0708310818 :$c£25.00 : CIP confirmed
035 0 $aocm22243589
040   $aUKM$cUKM$dHLS
050 14$aHQ734
082 04$a306.85$220
245 00$aFamily, economy and community /$cedited by C. C. Harris.
260   $aCardiff :$bUniversity of Wales,$c1990.
300   $a[230] p. ;$c22 cm.
500   $aIncludes index.
505 0 $a"This volume has been devised to commemorate the first twenty-five years of the Department of Sociology and Anthropology at the University College of Swansea" -- Preface.
650  0$aFamilies.
653   $aFamily life$aSocial aspects
650  0$aFamilies$xEconomic aspects.
700 1 $aHarris, C. C.$q(Christopher Charles)
776 08$iOnline version:$tFamily, economy, and community.$dCardiff : University of Wales, 1990$w(OCoLC)645742760
988   $a20020608
906   $0OCLC

