LEADER 00897nam a22002411u 4500
001 002000479-6
005 20150309122953.0
008 900925s1977    gs a          000|0bgeo d
041 0 $ageo$bfre$brus
043   $aa-gs---
100 1 $aSurguladze, Akakiĭ,$d1913-1991.
245 10$aEkʻvtʻime Taqaišvili :$bcʻxovreba da moġvaceoba /$cAkaki Surgulaże.
260   $aTʻbilisi :$bTʻbilisis universitetis gamomcʻemloba,$c1977.
300   $a277 p. :$bcol. ill. ;$c22 cm.
546   $aIn Georgian, with summaries in French and Russian..
600 10$aTʻaqaišvili, Ekʻvtʻime,$d1863-1953.
650  0$aHistorians$zGeorgia (Republic)$vBiography.
651  0$aGeorgia (Republic)$vBiography.
650  0$aChristian saints$zGeorgia (Republic)$vBiography.
650  0$aArchaeologists$zGeorgia (Republic)$vBiography.
752   $aGeorgia (Republic)$dTʻbilisi.
988   $a20020608
906   $0MH

