LEADER 00644nam a2200169 a 4500
001 002000480-X
005 20020606093309.7
008 900925s1955    le            000|p ara d
035 0 $aocm47962630
100 1 $aḤamad, ʻAlī.
245 10$aAghānī al-qaryah aw anaāshīd al-fallāḥ /$cjamʻ wa-ikhtiyār ʻAlī Ḥamad.
260   $aBayrūt :$bMaṭbaʻat al-Iqtiṣād,$c1955.
300   $a102 p. ;$c20 cm.
500   $a"Nafaḥāt wa-manẓūmāt mukhtārah min al-aghānī wa-al-muwashshaḥāt al-zajalīyah fi waṣf al-qaryah al-Lubnānīyah wa taṣwīr ḥayāt al-fallāḥ."
752   $aLebanon$dBeirut.
988   $a20020608
906   $0MH

