LEADER 00743nam a2200253 a 4500
001 002000481-8
005 20020606093309.7
008 900925s1979    ua            000|0 ara d
010   $a   80960657   
035 0 $aocm17401960
040   $aOSU$cOSU$dOCL$dDLC
090   $aLC904$b.Q34
100 1 $aQāḍī, ʻAlī.
245 10$aAḍwāʾ ʻalá al-tarbīyah fī al-Islām /$ctaʻlīf ʻAlī al-Qādī.
250   $aal-Ṭab ʻah 1.
260   $aal-Qāhirah :$bDār al-Anṣār,$c1979.
300   $a329 p. ;$c21 cm.
500   $aAt head of title: Min ajl saʻādat al-Muslim.
650  0$aIslamic education.
650  0$aIslam$xPsychology.
653 0 $aEducation;$aIslam
752   $aEgypt$dCairo.
988   $a20020608
906   $0OCLC

