LEADER 00670nam a22001811  4500
001 002000482-6
005 20020606093309.7
008 900925r18981990rur     a     00010 rus d
035 0 $aocm77674559
100 1 $aPirvit︠s︡, Ė. Ė.
245 10$aProekt stateĭ ob akt︠s︡īonernom obshchestvi︠e︡ :$bs obʺi︠a︡snitelʹnoi︠u︡ zapiskoi︠u︡ /$csostavil Ė.Ė. Pirvit︠s︡.
246 3 $aProekt stateĭ ob akt︠s︡ionernom obshchestve.
260 0 $aS.-Peterburg :$b[s.n.],$c1898.
300   $a395 p.
650  0$aStock companies$zSoviet Union.
830  0$aHarvard Pre-Soviet law preservation microfilm project ;$v01441.$5mmf
988   $a20020608
906   $0MH

