LEADER 00977aam a2200289 a 4500
001 002000483-4
005 20060921143323.0
008 901219s1990    enkaf    b    001 0beng  
010   $a   90229655 
015   $aGB90-37065
020   $a0701133538 :$c£18.00
035 0 $aocm24955116
035 0 $aocm24955116$zocm22112010
040   $aDLC$cDLC$dUKM$dHLS
043   $ae-uk---
050 00$aPN1998.3.R42$bW36 1990
082 00$a791.43/0233/092$aB$220
100 1 $aWapshott, Nicholas.
245 14$aThe man between :$ba biography of Carol Reed /$cNicholas Wapshott.
260   $aLondon :$bChatto & Windus,$c1990.
300   $a376 p., [8] p. of plates :$bill. ;$c24 cm.
504   $aIncludes bibliographical references (p. 363-365) and index.
600 10$aReed, Carol,$d1906-1976.
650  0$aMotion picture producers and directors$zGreat Britain$vBiography.
653   $aBritish cinema films$aDirecting$aReed, Carol, 1906-1976.
988   $a20020608
906   $0DLC

