LEADER 00563nam a2200181 a 4500
001 002000484-2
005 20020606093309.7
008 900925s1970    le            000|0 ara d
035 0 $aocm47962669
100 1 $aMaḥāsinī, Zakī.
245 10$aAbū Nuwās shāʻir min ʻabqar /$cZakī al-Maḥāsinī.
260   $aBayrūt :$bDār al-Anwār,$c1970.
300   $a119 p. ;$c20 cm.
600 00$aAbū Nuwās,$dapproximately 756-approximately 810.
650  0$aArabic poetry$y750-1258$xHistory and criticism.
752   $aLebanon$dBeirut.
988   $a20020608
906   $0MH

