LEADER 01144cam a2200349   4500
001 002000485-0
005 20051214163107.0
008 720602s1971    maua     b    00100 eng  
010   $a   77157667 
020   $a0262020815 (v. 1)
020   $a026252046X (set)
020   $a0262520443 (v. 1 : pbk.)
020   $a0262020807 (v. 2)
020   $a0262520451 (v. 2 : pbk.)
035 0 $aocm00302670
035 0 $aocm00302670$zocm00307510$zocm06639691
040   $aDLC$cDLC$dm.c.$dHLS
041 1 $aengita
050 0 $aNA642$b.B413 1971b
082   $a724
100 1 $aBenevolo, Leonardo.
240 10$aStoria dell'architettura moderna.$lEnglish
245 10$aHistory of modern architecture.
260 0 $aCambridge, Mass.,$bM.I.T. Press$c[1971]
300   $a2 v. (xxxiv, 868 p.)$billus.$c25 cm.
500   $aTranslation of Storia dell'architettura moderna.
504   $aBibliography: v. 2, p. [850]-858.
505 0 $av. 1. The tradition of modern architecture.--v. 2. The modern movement.
650  0$aArchitecture, Modern$y19th century.
650  0$aArchitecture, Modern$y20th century.
988   $a20020608
906   $0DLC

