LEADER 00758cam a2200253 a 4500
001 002000486-9
005 20120517120309.0
008 901024s1990    enkac         001 0beng d
010   $agb 90037337 
015   $aGB90-37337
020   $a0297810790 :$c£16.00 : CIP confirmed
035 0 $aocm22114052
040   $aUKM$cUKM$dHLS
050 14$aPN2287.T18
082 04$a791.43028092$220
100 1 $aWalker, Alexander.
245 10$aElizabeth /$cAlexander Walker.
260   $aLondon :$bWeidenfeld & Nicolson,$c1990.
300   $axiii, 423 p. :$bill., ports. ;$c24 cm.
504   $aIncludes bibliography and index.
600 10$aTaylor, Elizabeth,$d1932-2011.
653   $aCinema films$aActing$aTaylor, Elizabeth, 1932-
988   $a20020608
906   $0OCLC

