LEADER 00702nam a22001937u 4500
001 002000487-7
005 20020606093309.7
008 900925|1989    is           |||||||heb|d
035 0 $aocm22925107
130 0 $aMishnah.$pAvot.$f1989.
245 10$aPirḳe Avot :$bʻim perush Rabi ʻOvadyah mi-Barṭenura ṿe-ʻIḳar Tosfot Yom Ṭov : ṿe-nilṿeh elaṿ Lev Avot perush... me-et... Meʾir Ben Elishaʻ...
246 3 $aLev Avot.
260 0 $aYerushalayim :$bMosdot Yad Asher,$c749 [1989]
300   $a177, [26] p. ;$c24 cm.
630 00$aMishnah.$pAvot$xCommentaries.
700 2 $aBen Elishaʻ, Meʾir ben Makhluf,$d1905-1986.$tLev Avot.
752   $aIsrael$dJerusalem
988   $a20020608
906   $0MH

