LEADER 00728cam a2200217 i 4500
001 002000488-5
005 20051208160230.0
008 800402s1901    iluac         000 0 eng d
035 0 $aocm06161219
040   $aKKU$cKKU$dHBS
043   $an-us---
050  4$aHD9755$b.C57
100 1 $aCobb, Benj. F.$q(Benjamin Franklin),$d1844-
245 14$aThe realm of the retail lumberman /$cby Benj. F. Cobb.
260   $aChicago :$bRadford Review,$cc1901.
300   $a341 p., [1] leaf of plates :$bill., port. ;$c20 cm.
650  0$aLumber trade$zUnited States.
650  0$aLumber trade$xManagement.
830  0$aHarvard pre-1920 social history/business preservation microfilm project ;$v1684.$5mmf
988   $a20020608
906   $0OCLC

