LEADER 00827cam a2200241I  4500
001 002000489-3
005 20020606093309.7
008 890223s1968    yu ac    b    000 0 hrv  
010   $a   79970200 
015   $aYu***
035 0 $aocm19252345
040   $aDLC$cWAU$dHLS
050 0 $aD839.3$b.S4 br.205
100 1 $aŠpadijer, Balša.
245 10$aPredsednički izbori u SAD 1968.$c<Naslovna strana: Pavle Ristić>.
260   $aBeograd,$b"Sedma sila,"$c1968.
300   $a75, [1] p.$billus., port.$c20 cm.
490 1 $aDokumenti današnjice. Nova ser.$vgod. 8, br. 205
504   $aBibliographical footnotes.
650  0$aPresidents$zUnited States$xElection$y1968.
830  0$aSedma sila, Novinska-izdavačko preduzeće, Belgrad. Dokumenti današnjice. Nova ser. ;$vgod. 8, br. 205.
988   $a20020608
906   $0DLC

