LEADER 00662nam a2200181 a 4500
001 002000490-7
005 20020606093309.7
008 900925m19689999iq       b    000|0 ara d
100 1 $aNaqqāsh, Muṣṭafá.
245 10$aTafsir al-Qurʼān al-lughawī :$bmaʻa sharḥ mufradātihi wa-maʻānīhi bi-mā yulāʼimu ḥājat al-muʻāṣirīn /$cMuṣṭafá al-Naqqāsh.
260   $aBaghdād :$bMaṭbaʻat al-Jumhūrīyah,$c1968-
300   $av. ;$c24 cm.
504   $aIncludes bibliographical references (p. 5).
630 00$aQurʼan$xCommentaries.
630 00$aQurʼan$xCriticism, interpretation, etc.
752   $aIraq$dBaghdad.
988   $a20020608
906   $0MH

