LEADER 00931nam a2200229Ii 4500
001 002000491-5
005 20020606093309.7
008 860915s1979    ua b     b    00010 arar 
010   $a   80960526 /NE
035 0 $aocm14219726
040   $aDLC$cWAU$dWAU$dHLS
043   $af-ua---
090   $aHQ766.5.E3$bU83
100 1 $aʻUthmān, Muḥammad ʻAbd al-Samīʻ.
245 10$aDawr al-tarbiyah fī muwājahat taghayyurāt al-qiyam al-ijtimāʻīyah al-murṭabiṭah bi-tanẓīm al-usrah fī al-mujtamaʻ al-fīfī :$bdirāsah ḥāllah /$ctaʾlīf Muḥammad ʻAbd al-Samīʻ Uthmān.
260 0 $aal-Qāhirah :$bJāmiʻat al-Azhar, al-Markaz al-Duwalī al-Islāmī lil-Dirāsāt wa-al-Buḥūth al-Sukkānīyah,$c1979.
300   $a14, 254 p. :$bmap ;$c24 cm.
502   $aThesis (māzhistīr) - Jāmiʻat al-Azhar.
504   $aBibliography: p. 235-245.
650  0$aBirth control$zEgypt.
988   $a20020608
906   $0DLC

