LEADER 00720pam a2200253 a 4500
001 002000492-3
005 20051219140345.0
008 900815s1990    enka          000 0 eng d
010   $agb 90007578 
015   $aGB90-7578
020   $a0862632803 (pbk) :$c£4.95
035 0 $aocm21029986
040   $aUKM$cUKM$dHLS
043   $ae-uk---
050 14$aPN1990.6.G7
082 04$a791.440941$220
100 1 $aMiller, John,$d1937-
245 10$aBroadcasting :$bgetting in and getting on /$cJohn Miller.
260   $aLondon :$bNewpoint,$cc1990.
300   $a108 p., [8] p. of plates :$bill. ;$c22 cm.
650  0$aBroadcasting$zGreat Britain.
653   $aGreat Britain$aBroadcasting
988   $a20020608
906   $0OCLC

