LEADER 00621nam a22001811  4500
001 002000493-1
005 20020606093309.7
008 900925r18951990rur     a     00000 rus d
035 0 $aocn234334934
100 1 $aPirvit︠s︡, Ė. Ė.
245 10$aZnachenīe viny, sluchai︠a︡ i nepreodolimoĭ sily v grazhdanskom pravi︠e︡.
246 3 $aZnachenie viny, sluchai︠a︡ i nepreodolimoĭ sily v grazhdanskom prave.
260 0 $aS.-Peterburg :$b[s.n.],$c1895.
300   $a154 p.
650  0$aLiability (Law)
830  0$aHarvard Pre-Soviet law preservation microfilm project ;$v01442.$5mmf
988   $a20020608
906   $0MH

