LEADER 00715aam a2200217 a 4500
001 002000494-X
005 20020606093309.7
008 900319s1989    it a     q    001 0 ita  
010   $a   90133054 
035 0 $aocm21331931
040   $aDLC$cDLC$dHLS
050 00$aPN1998.3.G445$bG47 1989
082 00$a791.43/0233/092$220
100 1 $aGermani, Sergio Grmek,$d1950-
245 13$aIl cinema di Augusto Genina /$cSergio Grmek Germani, Vittorio Martinelli.
260   $a[Pasian di Prato (Ud)] :$bEdizioni biblioteca dell'immagine,$cc1989.
300   $a440 p. :$bill. ;$c29 cm.
600 10$aGenina, Augusto,$d1892-1957$xCriticism and interpretation.
700 1 $aMartinelli, Vittorio.
988   $a20020608
906   $0DLC

