LEADER 00404nam a22001335u 4500
001 002000495-8
005 20020606093309.7
008 900925|1976    gsr          |||||||rus|d
100 1 $aCʻercʻvaże, Il.
245 10$aO znacheniiakh padezhei imen sushchestvitelʹnykh v russkom i ikh ekvivalentakh v gruzinskom.
260 0 $aTbilisi :$bIzd-vo Tbilisskogo un-ta,$c1976.
300   $a103 p.
988   $a20020608
906   $0MH

