LEADER 00610nam a2200205 a 4500
001 002000496-6
005 20020606093309.7
008 900925s1970    ir            000|0 ara d
035 0 $aocn234384059
090   $aPJ7803.Q75$bM3 1970
100 1 $aQummī, ʻAbbās ibn Muḥammad Riḍā,$d-1941.
245 10$aMafātīḥ al-jinān.
260   $aTiḥrān :$bMaktabah al-Islāmīyah,$c[1970?]
300   $a611, 4 p.
650  0$aShiites$xCustoms and practices.
650  0$aIslam$xPrayers and devotions$xArabic.
700 1 $aNūrī, Muḥammad Riḍā.
752   $aIran$dTehran.
988   $a20020608
906   $0MH

