LEADER 00631cam a2200241 a 4500
001 002000497-4
005 20020606093309.7
008 910228s1990    enkac         000 0aeng d
010   $agb 90038680 
015   $aGB90-38680
020   $a0860516792 :$c£10.95 : CIP confirmed
035 0 $aocm22183452
040   $aUKM$cUKM$dHLS
050 14$aPN2065
082 04$a792.028092$220
100 1 $aLipman, Maureen.
245 10$aThank you for having me /$cMaureen Lipman.
260   $aLondon :$bRobson,$c1990.
300   $a[224] p. :$bill., ports. ;$c23 cm.
650  0$aActing.
653   $aActing
988   $a20020608
906   $0OCLC

