LEADER 01116aam a2200277 a 4500
001 002000498-2
005 20020606093309.7
008 900524s1990    ii ab    s    00110 eng  
010   $a   90902018 
020   $a8185135479 :$cRs450.00
035 0 $aocm21761986
040   $aDLC$cDLC$dFLL
043   $aa-ii---
050 00$aHT169.I52$bD463 1990
100 1 $aJain, A. K.$q(Ashok Kumar),$d1948-
245 14$aThe making of a metropolis :$bplanning and growth of Delhi /$cA.K. Jain.
260 0 $aNew Delhi :$bNational Book Organisation,$c1990.
300   $axvi, 283 p. :$bill., maps ;$c25 cm.
650  0$aCity planning$zIndia$zDelhi (India : Union Territory)$xHistory.
650  0$aRegional planning$zIndia$zDelhi (Union Territory)$xHistory.
650  0$aCities and towns$zIndia$zDelhi (Union Territory)$xGrowth$xHistory.
650  0$aCity planning$zIndia$zDelhi (Union Territory)$xHistory.
655  7$aHistory.$2fast
776 08$iOnline version:$aJain, A.K. (Ashok Kumar), 1948-$tMaking of a metropolis.$dNew Delhi : National Book Organisation, 1990$w(OCoLC)551409290
988   $a20020608
906   $0DLC

