LEADER 00633nam a2200241 i 4500
001 002000499-0
005 20020606093309.7
008 880524s1979    ua            00010 arar 
010   $a   80960669 /NE
020   $a9772961431
035 0 $aocm11104271
035 1 $aNYPG88B44538
040   $cCU$dCU$dNjP
050 0 $aPJ7826.H8$bR3
100 10$aGhunaym, Maḥmūd.
245 10$aRajʻ al-ṣadá /$cli-Maḥmūd Ghunaym.
260 0 $aal-Qāhirah :$bal-Shaʻb,$c1979.
300   $a247 p. ;$c24 cm.
500   $aIn Arabic.
500   $aPoems.
500   $aImprint date on p. [4] of cover: 1980.
988   $a20020608
906   $0RLIN

