LEADER 00920nam a2200253Ia 4500
001 002000500-8
005 20020606093309.7
008 901210s1834    it       b    00000bita d
035 0 $aocm22832608
040   $cHLS
043   $ae-it---
090   $aDG575.G75$bN68 1834x
245 00$aNotizia della vita e delle opere del marchese Niccolò Grillo Cattaneo.
260 0 $aGenova :$bFratelli Pagano,$c1834.
300   $a28 p. ;$c22 cm.
500   $aAscribed to: Giovanni Battista Spotorno.
500   $aTitle on cover: In obitu Nicolai Grillo Cattanei.
500   $a"Estratto dal Nuovo Giorn. Linguistico, tom. 3o facs. 2o"--T.p. verso.
504   $a"Catalogo delle opere del marchese Niccolò Grillo Cattaneo": p. 16-19.
600 20$aGrillo Cattaneo, Nicolò,$cmarchese,$d1759-1834.
650  0$aStatesmen$zItaly$vBiography.
700 1 $aSpotorno, Giovanni Battista,$d1788-1844.
988   $a20020608
906   $0MH

