LEADER 00904pam a2200301 a 4500
001 002000501-6
005 20020606093309.7
008 901121s1990    enkac         001 0aeng d
010   $agb 90037062 
015   $aGB90-37062
020   $a0340534842 :$c£14.95
035 0 $aocm22111979
040   $aUKM$cUKM$dHLS
043   $ae-uk-en
050 14$aPN2065
082 04$a792.028092$220
100 1 $aTomlinson, David.
245 10$aLuckier than most :$ban autobiography /$cby David Tomlinson.
260   $aLondon :$bHodder & Stoughton,$c1990.
300   $a207 p., [16] p. of plates :$bill., ports. ;$c24 cm.
500   $a"A John Curtis book."
500   $aIncludes index.
600 10$aTomlinson, David.
650  0$aActors$zEngland$vBiography.
650  0$aMotion picture actors and actresses$zGreat Britain$vBiography.
653   $aActing - Biographies
988   $a20020608
906   $0OCLC

