LEADER 01275cam a22003491  4500
001 002000502-4
005 20141027064347.7
008 931220s1968    yu ch         000 0bsrpr 
010   $a   75973855 
015   $aYu***
035 0 $aocm29530664
040   $aDLC$beng$cKKU$dDLC$dOCLCF$dOCLCO$dOCLCQ
042   $apremarc
043   $ae-yu---
050 00$aHX365.5.A8$bR335
100 1 $aMilosavljević, Petar.
245 10$aPetar Radovanović.$bPrilog: Dnevnik Petra Radovanovića iz perioda balkanskih ratova.
260   $aZaječar-Bor,$b[Novinska ustanova "Timok, "]$c1968.
300   $a81 pages$bfacsimile, portraits$c17 cm.
336   $atext$btxt$2rdacontent
337   $aunmediated$bn$2rdamedia
338   $avolume$bnc$2rdacarrier
600 10$aRadovanović, Petar,$d1882-1947.
600 17$aRadovanović, Petar,$d1882-1947$2fast
650  0$aCommunists$zSerbia$vBiography.
650  7$aCommunists.$2fast
651  7$aSerbia.$2fast
655  7$aBiography.$2fast
700 12$aRadovanović, Petar,$d1882-1947.$tDnevnik Petra Radovanovića iz perioda balkanskih ratova.
776 08$iOnline version:$aMilosavljević, Petar.$tPetar Radovanović.$dZaječar-Bor, [Novinska ustanova "Timok, "] 1968$w(OCoLC)678830661
988   $a20020608
906   $0DLC

