LEADER 00637nam a2200205Ma 4500
001 002000503-2
005 20020606093309.7
008 890404s1977    gsr           000 0 rus d
035 0 $aocm19710537
040   $aNYP$cNYP$dHLS
090   $ax
100 1 $aPochkhua, R. G.
245 10$aLingvospektr russkoĭ poėzii XVIII-XX vv. :$bsostav i chastotnostʹ /$cR.G. Pochkhua.
260   $aTbilisi :$bIzd-vo Tbilisskogo universiteta,$c1977.
300   $a151 p. :$bill. ;$c20 cm.
504   $aBibliographies: p. 142-151.
650  0$aRussian language$xStyle.
650  0$aRussian poetry$xHistory and criticism.
988   $a20020608
906   $0OCLC

