LEADER 01048nam a2200241 a 4500
001 002000504-0
005 20020606093309.7
008 900925s1990    gw            00000 ger d
020   $a3579028553
035 0 $aocm22640056
040   $aBHA$cBHA
090   $aBV199.O3$bB47 1990
245 00$aBesondere Anlässe :$bAnsprachen, Predigten, Feiern /$cherausgegeben von Erhard Domay ; mit einer theologisch-homiletischen Einführung von Klaus von Mering.
260 0 $aGütersloh :$bGütersloher Verlagshaus Gerd Mohn,$cc1990.
300   $a128 p. ;$c21 cm.
440  0$aGottesdienstpraxis.$nSerie B,$pArbeitshilfen für die Gottesdienste zu den Festzeiten und für Kasualien
520   $aSpeeches, sermons, and celebrations for confirmation and wedding anniversaries, jubilees, birthdays, dedications, commissionings, welcoming and farewell ceremonies, and other occasions.
650  0$aAnniversaries.
650  0$aMemorial rites and ceremonies.
650  0$aOccasional services.
700 1 $aDomay, Erhard,$d1940-
988   $a20020608
906   $0MH

