LEADER 00393nam a2200157Ma 4500
001 002000505-9
005 20020606093309.7
008 880202s1978    xx            000 1 araod
035 0 $aocm17779968
040   $aCGU$cCGU
100 1 $aYaʻqūb, Lūsī.
245 10$aʻAdhrāʾ Sīnāʾ /$cLūsī Yaʻqūb.
260   $a[S.l. :$bs.n.],$c1978.
300   $a260 p. ;$c17 cm.
988   $a20020608
906   $0OCLC

