LEADER 00836aam a2200265 a 4500
001 002000506-7
005 20020606093309.7
008 900524s1989    ii b     bs   00110 eng  
010   $a   90901799 
020   $cRs125.00
035 0 $aocm21761486
040   $aDLC$cDLC$dAGL$dFLL
043   $aa-ii---
050 00$aHD7289.I42$bD457 1989
072  0$aE560$aX800
082 00$a363.5/1/095456$220
100 0 $aSurender Singh.
245 10$aSome aspects of housing problem in rural Delhi /$cSurender Singh.
260 0 $aNew Delhi :$bRadha Publications,$c1989.
300   $a140 p. :$bmaps ;$c22 cm.
504   $aIncludes bibliographical references (p. [131]-135)
650  0$aHousing, Rural$zIndia$zDelhi (Union Territory)
651  0$aDelhi (India : Union Territory)$xBuildings, structures, etc.
988   $a20020608
906   $0DLC

