LEADER 00576nam a2200181 a 4500
001 002000507-5
005 20020606093309.7
008 900925s1990    it af    b    000|0 ita d
035 0 $aocm27745210
043   $ae-it---
100 1 $aPioli, Tito.
245 10$aPagine di storia della parrocchia di S. Pancrazio :$bdiario di un prete di campagna /$cTito Pioli.
260   $aParma :$bBattei,$cc1990.
300   $a78 p., [7] leaves of plates :$bill. ;$c22 cm.
504   $aIncludes bibliographical references.
651  0$aSan Pancrazio (Italy)$xHistory.
988   $a20020608
906   $0MH

