LEADER 00502cam a22001937a 4500
001 002000508-3
005 20020606093309.7
008 871021s1983    yu            000 0 slv  
010   $a   87871209 
035 0 $aocm17186522
040   $aDLC$cDLC$dHLS
090   $ax
100 1 $aVidmar, Josip,$d1895-
245 10$aDva razgovora /$cJosip Vidmar.
246 3 $a2 razgovora.
260   $aLjubljana :$bPlenum kulturnih delavcev OF,$c1983.
300   $a60 p. :$bill. ;$c15 cm.
988   $a20020608
906   $0DLC

