LEADER 01271pam a2200373 a 4500
001 002000509-1
005 20020606093309.7
008 880428s1989    abcabg   b    00010 eng d
010   $acn 88091270 
015   $aC88-91270-7
020   $a0919813682
035 0 $aocm25552945
035 0 $aocm18018899
035 1 $aMAHS92B19
035 1 $zNYPG90B69452
040   $aCaBVAU$beng$cNLC$dTOZ
043   $aa-ii---
050 00$aML1015.S6$bH29 1989
082 0 $a787/.67$219
082 0 $a787.8/2$220
100 1 $aHamilton, James Sadler.
245 10$aSitar music in Calcutta :$ban ethnomusicological study /$cJames Sadler Hamilton.
260 0 $aCalgary :$bUniversity of Calgary Press,$cc1989.
300   $axlix, 310 p. :$bill., maps, music ;$c23 cm.
504   $aBibliography: p. 253-260.
650  0$aSitar music$xHistory and criticism.
650  0$aMusic$zIndia$zKolkata$xHistory and criticism.
650  0$aSitar$xHistory.
650  0$aSitar players$zIndia$zKolkata.
655  7$aCriticism, interpretation, etc.$2fast
655  7$aHistory.$2fast
776 08$iOnline version:$aHamilton, James Sadler.$tSitar music in Calcutta.$dCalgary, Alta., Canada : University of Calgary Press, ©1989$w(OCoLC)639821986
988   $a20020608
906   $0RLIN

