LEADER 00706nam a2200229Ia 4500
001 002000510-5
005 20020606093309.7
008 831117s1980    ua            000 0 araod
010   $a   80960673 
020   $a9772479621
035 0 $aocm10137509
035 0 $aocm10137509$zocm26263880
040   $aIXA$cIXA$dDLC
090   $aBP128.78$b.I25 1980
100 2 $aIbn al-Sharīf, Maḥmūd.
245 10$aIṭlālah ʻalá Sūrat yāʼsīn /$cMaḥmūd Ibn al-Sharīf.
260   $aal-Qāhirah :$bDār al-Maʻārif,$c[1980]
300   $a116 p. ;$c24 cm.
630 00$aQurʼan.$pSūrat yāsīn$xCommentaries.
653 0 $aCommentaries on Surat Yasin (Ch. 36) of the Koran.
988   $a20020608
906   $0OCLC

