LEADER 00851nam a22002778a 4500
001 002000511-3
005 20020606093309.7
008 890518s1989    njua     b    00110 eng  
010   $a   89011728 
020   $a0805804315
020   $a0805804323 (pbk.)
035 0 $aocm19814903
040   $aDLC$cDLC$dHLS
043   $an-us---
050 0 $aPN4888.R37$bB6 1989
082 0 $a071/.3$220
100 1 $aBogart, Leo.
245 10$aPress and public :$bwho reads what, when, where, and why in American newspapers /$cLeo Bogart.
250   $a2nd ed.
260 0 $aHillsdale, N.J. :$bL. Erlbaum Associates,$c1989.
300   $axii, 376 p. :$bill. ;$ccm.
504   $aIncludes bibliographical references (p. 265-367).
650  0$aReadership surveys$zUnited States.
650  0$aAmerican newspapers$xCirculation.
988   $a20020608
906   $0DLC

