LEADER 00692pam a22002537a 4500
001 002000512-1
005 20020606093309.7
008 900815s1989    enka          000 0 eng d
010   $agb 88068573 
015   $aGB88-68573
020   $a0851778305 :$c£24.00
035 0 $aocm18960688
040   $aUKM$cUKM$dHLS
082 04$a629.1333409$220
090   $ax
100 1 $aJackson, A. J.$q(Aubrey Joseph)
245 10$aBlackburn aircraft since 1909 /$cA.J. Jackson.
250   $aNew ed.
260   $aLondon :$bPutnam,$c1989.
300   $axi, 571 p. :$bill. ;$c23 cm.
650  0$aBlackburn aircraft$xHistory.
653   $aBlackburn aeroplanes, history
988   $a20020608
906   $0OCLC

