LEADER 00454nam a2200181K  4500
001 002000513-X
005 20020606093309.7
008 871118s1968    ku            000 0 ara d
035 0 $aocm17002020
040   $aCLU$cCLU$dHLS
090   $aBP167$b.U891d
100 1 $aʻUthmān, Fatḥī Muḥammad.
245 03$aal-Dīn lil-wāqiʻ.
260   $aKuweit,$bal-Dār al-Kuwaytī-yah$c[1968]
300   $a160 p.
650  0$aIslam.
988   $a20020608
906   $0OCLC

