LEADER 00543nam a2200193 a 4500
001 002000514-8
005 20020606093309.7
008 900925q1971    le            000|0 ara d
035 0 $aocm23517437
040   $cSAZTEC$dCStRLIN
090   $aDS 87$b.F22
100 1 $aFarḥāt, Aḥmad.
245 13$aal-Junūb wa-al-thawrah min taḥt /$cAḥmad Farḥāt.
260   $aBayrūt :$bSawt al-Ṭayyibah,$c[1971?]
300   $a84 p.$billus., ports.,$c17 cm.
651  0$aLebanon$xHistory.
752   $aLebanon$dBeirut.
988   $a20020608
906   $0MH

