LEADER 00694nam a2200241Ia 4500
001 002000515-6
005 20020606093309.7
008 880426s1983    yu       b    000 0 slv d
035 0 $aocm17854465
040   $aIUL$cIUL$dHLS
043   $ae-yu---
050  4$aDR1257$b.K67 1983
090   $aDR1257$b.K67 1983
100 1 $aKošmrlj, Drago.
245 10$aMednarodni odnosi in zunanja politika Jugoslavije /$cDrago Košmrlj.
250   $a2. dop. izd.
260   $aLjubljana :$bKomunist,$c1983.
300   $a123 p. ;$c19 cm.
440  0$aDopisna šola marksizma
504   $aIncludes bibliographical references.
651  0$aYugoslavia$xForeign relations.
988   $a20020608
906   $0OCLC

