LEADER 01042cam a2200313 a 4500
001 002000516-4
005 20020606093309.7
008 901114s1990    enka          00110beng d
010   $agb 90043332 
015   $aGB90-43332
020   $a0413173305 :$c£14.99 : CIP confirmed
035 0 $aocm26505011
035 0 $aocm22625304
040   $aUKM$cUKM$dHLS
043   $ae-uk-ie
050 00$aPN2598.H67$bG66 1990
082 04$a792.092$220
090   $aPN2601.H67$bG66 1990x
100 1 $aGooddie, Sheila.
245 10$aAnnie Horniman :$ba pioneer in the theatre /$cSheila Gooddie.
260 0 $aLondon :$bMethuen,$c1990.
300   $aviii, 216 p. :$bill. ;$c24 cm.
504   $aIncludes bibliographical references (p. [207]-208) and index.
600 10$aHorniman, Annie Elizabeth Fredericka,$d1860-1937.
610 20$aAbbey Theatre.
650  0$aTheatrical producers and directors$zIreland$zDublin$vBiography.
653   $aDublin$aTheatres: Abbey Theatre$aHorniman, Annie Elizabeth Fredericka
988   $a20020608
906   $0OCLC

