LEADER 00691cam a2200217 a 4500
001 002000517-2
005 20020606093309.7
008 880721s1979    ua            00010 ara d
010   $a   80960674 
035 1 $aNYUG88B25538
040   $aNN$cNN$dNNU
100 10$aFarhūd, Muḥammad al-Saʻdī.
245 10$aMabāḥith fī kitāb Naqd al-nathr /$cMuḥammad al-Saʻdī Farhūd.
246 3 $aNaqd al-nathr.
250   $aal-Ṭabʻah 1.
260 0 $a[Cairo :$bs.n.],$c1979$e([Cairo] :$fDār al-Ṭibāʻah al-Muḥammadīyah)
300   $a115 p. ;$c24 cm.
650  0$aArabic language$xRhetoric.
700 0 $aQudāmah ibn Jaʻfar,$d-922?$tNaqd al-nathr.
988   $a20020608
906   $0RLIN

