LEADER 00480nam a22001455u 4500
001 002000518-0
005 20020606093309.7
008 900925|1976    gs           |||||||geo|d
100 1 $aTsotskolauri, Avtandil Filippovich.
245 10$aMeropriiatiia Kommunisticheskoi partii Gruzii po organizatsionno-khoziaistvennomu uprocheniiu kolkhozov 1951-1955.
260 0 $aTbilisi :$bIzd-vo Tbilisskogo un-ta,$c1976.
300   $a207 p.
500   $aNa gruzinskom izayke.
988   $a20020608
906   $0MH

