LEADER 00471nam a2200157 a 4500
001 002000519-9
005 20020606093309.7
008 900925s1968    sy a          000|p ara d
100 1 $aʾUyun al-Sud, ʾAbd al-Salām.
245 10$aĀthār ʻAbd al-Salām ʻUyūn al-Sūd.
260   $aDimashq :$bWizārat al-Thaqāfah,$c1968.
300   $a120 p., 20 leaves of plates :$bill. ;$c24 cm.
500   $aModern Arabic poetry.
752   $aSyria$dDamascus.
988   $a20020608
906   $0MH

