LEADER 00341nam a22001335u 4500
001 002000520-2
005 20020606093309.7
008 900925|1983    yu           |||||||hrv|d
110 2 $aSavez komunista Vojvodine
245 10$aStatut Saveza komunista Vojvodine.
260 0 $aBački Petrovac :$b[s.n.],$c1983.
300   $a93 p.
988   $a20020608
906   $0MH

