LEADER 01458cam a2200265La 4500
001 002000521-0
005 20120606231338.0
008 040921s1965    iq            000 0 ara d
035 0 $aocn122725304
040   $aMH$cMEAUC$dOCLCG$dLGG
050  4$aPJ6101.A663$bH87 1965
100 1 $6880-01$aḤusaynī, Ṣādiq Mahdī.
245 10$6880-02$aSharḥ al-Ṣamadīyah :$blil-Shaykh al-Jalīl Muḥammad ibn al-Ḥusayn ibn ʻAbd al-Ṣamad al-ʻĀmilī al-shahīr bi-al-Shaykh al-Bahāʼī al-mutawaffá sanat 1030 /$cṢādiq Mahdī al-Ḥusaynī.
260   $6880-03$aKarbalāʼ :$bMuʼassasat al-Aʻlamī,$c1385 [1965]
300   $a367 p. ;$c21 cm.
600 10$aʻĀmilī, Bahaʼ al-Dīn Muḥammad ibn Ḥusayn,$d1547-1621.$tFawāʼid al-Ṣamadīyah fī ʻilm al-ʻArabīyah.
650  0$aArabic Language$xGrammar.
700 1 $6880-04$aʻĀmilī, Bahāʼ al-Dīn Muḥammad ibn Ḥusayn,$d1547-1621.
752   $aIraq$dKarbalāʼ.
880 1 $6100-01$aحسينى، صادق مهدي.
880 10$6245-02$aشرح الصمدية :$bللشيخ الجليل محمد بن الحسين بن عبدالصمد العاملى الشهير بالشيخ البهائى المتوفى سنة ١٠٣٠ /$cصادق مهدي الحسينى.
880   $6260-03$aكربلاء ؛$bمؤسسة الاعلمي للمطبوعات،$c1385 [1965]
880 1 $6700-04$aعاملى، بهائى الدين محمد بن الحسين.
988   $a20020608
906   $0MH

