LEADER 00975aam a2200289 a 4500
001 002000522-9
005 20100513174359.0
008 900725s1989    pk            00010 urdo 
010   $a   89932763 
020   $cRs60.00
035 0 $aocm22206446
040   $aDLC$cDLC$dHLS
043   $aa-ii---$aa-pk---
050 00$aPK2167$b.T34 1989
100 0 $aT̤āhir Taunsvī.
245 10$aHam suḵẖan fahm haiṉ /$cT̤āhir Taunsvī.
250   $aIshāʻat-i 1.
260 0 $aLāhaur :$bYūnīvarsal Buks,$c1989.
300   $a224 p. ;$c22 cm.
546   $aIn Urdu.
520   $aCritical study of noted classical and modern Urdu poets from South Asia.
650  0$aUrdu poetry$xHistory and criticism.
655  7$aCriticism, interpretation, etc.$2fast
752   $aPakistan$dLahore.
776 08$iOnline version:$aT̤āhir Taunsvī.$tHam suḵẖan faham haiṉ.$bIshāʻat 1.$dLāhaur : Yūnīvarsal Buks, 1989$w(OCoLC)551312598
988   $a20020608
906   $0DLC

