LEADER 00419nam a22001455u 4500
001 002000523-7
005 20020606093309.7
008 900925|1977    gsr          |||||||geo|d
100 1 $aKartozia, Bondo.
245 10$aOcherki iz istorii gruzinskoi sotsiologicheskoi mysli:$b(10-30 gg. XX v.)
260 0 $aTbilisi :$bIzd-vo Tbilisskogo un-ta,$c1977.
300   $a90 p.
500   $aNa gruzinskom iazyke.
988   $a20020608
906   $0MH

