LEADER 00587nam a2200181 a 4500
001 002000524-5
005 20020606093309.7
008 900925s1970    ku            000|0 ara d
100 1 $aMaḥmūd, ʻAbd al-Ḥalīm.
245 10$aAmīr al-muʼminīn fī al-ḥadīth Sufyān al-Thawrī /$ctaʼlīf ʻAbd al-Ḥalīm Maḥmūd.
250   $aal-Ṭabʻah 1.
260   $aal-Kuwayt :$bDār al-Bayān,$c1970.
300   $a232 p. ;$c19 cm.
600 00$aSufyān ibn Saʻīd al-Thawrī,$d-778?
650  0$aHadith$xAuthorities$xBiography.
752   $aKuwait$dKuwait.
988   $a20020608
906   $0MH

