LEADER 00884aam a2200265 a 4500
001 002000525-3
005 20020606093309.7
008 900614s1989    pk       b    00010 urdo 
010   $a   89932747 
020   $cRs45.00
035 0 $aocm21949074
040   $aDLC$cDLC$dHLS
043   $aa-pk---
050 00$aPK2199.I65$bZ79385 1989
100 1 $aMurtaz̤ā, Matīnurraḥmān.
245 10$aIqbāl kā naẓariyah-yi suḵẖan aur dūsre maz̤āmīn /$cMatīnurraḥmān Murtaz̤ā.
260 0 $aLāhaur :$bYūnīvarsal Buks,$c1989.
300   $a123 p. ;$c22 cm.
500   $aIn Urdu.
504   $aIncludes bibliographical references.
600 10$aIqbal, Muhammad,$cSir,$d1877-1938$xCriticism and interpretation.
650  0$aUrdu literature$xHistory and criticism.
650  0$aAuthors, Urdu$zPakistan$xBiography$xHistory and criticism.
988   $a20020608
906   $0DLC

