LEADER 00738nam a22001937u 4500
001 002000526-1
005 20020606093309.7
008 900925|1988    is           |||||||heb|d
035 0 $aocm82977538
130 0 $aMishnah.$pAvot.$f1988.
245 10$aMasekhet Avot :$b... ʻim niḳud u-fisuḳ... : ʻim perusho... shel ʻOvadyah mi-Barṭenura... : ʻim hashlamat meḳorot le-maʾamre Ḥazal ṿeli- fesuḳe ha-Tanakh...
246 3 $aPirḳe Avot.
260 0 $aBene Beraḳ :$bMakhon Otsrot ḥayim,$c5749 [1988 or 1989]
300   $a135 p. ;$c25 cm.
500   $aCover title: Pirḳe Avot mahadurah meḥudeshet ʻim haḳdamot.
630 00$aMishnah.$pAvot$xCommentaries.
752   $aIsrael$dBene Beraḳ
988   $a20020608
906   $0MH

