LEADER 00570nam a22001697a 4500
001 002000527-X
005 20020606093309.7
008 900925s1910    xv            00||||slv|d
100 1 $aTominšek, Jos.
245 10$aAntibarbarus :$bstudije o napakah in pravilih slovenskega pisanja /$cJos. Tominěk.
260   $aLjubljana :$bZaložil L, Schwentner,$c1910.
300   $a65 p. ;$c23 cm.
504   $aIncludes bibliographical references and index.
650  0$aSlovenian language$xWriting.
650  0$aSlovenian language$xOrthography and spelling.
988   $a20020608
906   $0MH

