LEADER 00562nam a2200181 a 4500
001 002000528-8
005 20020606093309.7
008 900925s1970    ir            000|0 ara d
035 0 $aocm47962637
100 1 $aMuḥaqqiq, Ḥusayn.
245 10$aMuʻallim al-lughah al-Fārisīyah /$cḤusayn Muḥaqqiq.
260   $aṬihrān :$bMaktabat al-Asadī,$c1970.
300   $a164 p. ;$c21 cm.
650  0$aPersian language$xSelf-instruction.
650  0$aPersian language$xTextbooks for foreign speakers$xArabic.
752   $aIran$dTehran.
988   $a20020608
906   $0MH

