LEADER 00421nam a22001455u 4500
001 002000530-X
005 20020606093309.7
008 900925|1977    gsr          |||||||geo|d
100 1 $aBocʻvaże, Ioseb.
245 10$aIlʹia Chavchavadze v gruzinskoi dorevoliutsionnoi literaturnoi kritike.
260 0 $aTbilisi :$bIzd-vo Tbilisskogo un-ta,$c1977.
300   $a215 p.
500   $aNa gruzinskom iazyke.
988   $a20020608
906   $0MH

