LEADER 00681pam a2200253 a 4500
001 002000531-8
005 20020606093309.7
008 910501s1990    enkac         001 0 eng d
010   $agb 90035471 
015   $aGB90-35471
020   $a1852232668 :$c£14.95
035 0 $aocm21974631
040   $aUKM$cUKM$dHLS
050 14$aGV913
082 04$a796.35809$220
100 1 $aMelford, Michael.
245 10$aAfter the interval /$cMichael Melford.
260   $aSwindon :$bCrowood,$c1990.
300   $a238 p., [32] p. of plates :$bill., ports. ;$c26 cm.
500   $aIncludes index.
650  0$aCricket$xHistory.
653   $aCricket$aHistory
988   $a20020608
906   $0OCLC

