LEADER 00915nam a2200265 a 4500
001 002000532-6
005 20020606093309.7
008 910904s1990    enkaf    b    001 0 eng  
010   $a   91191621 
020   $a0413643107 :$c£14.99
035 0 $aocm25203171
040   $aDLC$cDLC
043   $ae-uk-en$au-at---
050 00$aGV928.G7$bM47 1990
082 00$a796.358/0942$220
100 1 $aMeredith, Anthony.
245 10$aSummers in winter :$bfour England tours of Australia under Jim Lillywhite, Plum Warner, Gubby Allen, and Mike Brearley /$cAnthony Meredith.
260 0 $aLondon :$bKingswood Press,$c1990.
300   $aviii, 248 p., [8] p. of plates :$bill. ;$c24 cm.
504   $aIncludes bibliographical references (p. 239) and indexes.
650  0$aCricket$zEngland$xHistory.
650  0$aCricket$zAustralia$xHistory.
650  0$aTest matches (Cricket)$xHistory.
988   $a20020608
906   $0DLC

