LEADER 00842nam a2200265 a 4500
001 002000533-4
005 20020606093309.7
008 900815s1986    enkach        000 0 eng d
010   $agb 90042907 
015   $aGB90-42907
020   $c£7.00
035 0 $aocm22629157
040   $aUKM$cUKM$dHLS
082 04$a797.12306042654$220
090   $ax
100 1 $aDavies, E. G.,$d1912-
245 14$aThe history of St Neots Rowing Club :$ba record of rowing and sculling at St Neots, 1865-1985 /$cE. G. Davies.
260   $aSt Neots :$bSt Neots Rowing Club,$c1986.
300   $a156 p. :$bill., facsims., ports. ;$c24 cm.
610 20$aSt. Neots Rowing Club$xHistory.
650  0$aRowing$zEngland$xHistory.
653   $aCambridgeshire$aSt Neots$aRowing$aOrganisations
710 2 $aSt Neots Rowing Club.
988   $a20020608
906   $0OCLC

