LEADER 00378nam a22001455u 4500
001 002000534-2
005 20020606093309.7
008 900925|1982    yu           |||||||srp|d
100 1 $aKurteši, Ilijaz.
245 10$aDruštvena uloga Saveza sindikata.
250   $a3. dop. izd.
260 0 $aBeograd :$bInstitut za političke studije,$c1982.
300   $a47 p.
988   $a20020608
906   $0MH

