LEADER 00726nam a2200229 a 4500
001 002000535-0
005 20020606093309.7
008 870415s1985    unra     d    00000 ukro 
010   $a   87131812 
020   $c3.10rub
035 0 $aocm16356026
040   $aDLC$cDLC$dHLS
050 0 $aPG3895$b.S6 1985
245 00$aSlovnyk inshomovnykh sliv /$cza redakt︠s︡ii︠e︡i︠u︡ O.S. Melʹnychuka.
250   $aVyd. 2-e, vypravlene i dop.
260 0 $aKyïv :$bHol. red. Ukr. rad. ent︠s︡yklopediï,$c1985.
300   $a966 p. :$bill. ;$c21 cm.
650  0$aUkrainian language$xForeign words and phrases$vDictionaries.
655  7$aDictionaries.$2fast
700 1 $aMelʹnychuk, O. S.
988   $a20020608
906   $0DLC

