LEADER 00842aam a2200277 a 4500
001 002000536-9
005 20020606093309.7
008 910115s1990    enkaf         00100 eng  
010   $a   91104936 
020   $a0571144276 :$c$24.95 (U.S.)
035 0 $aocm23210862
040   $aDLC$cDLC$dHLS
043   $ae-uk-en
050 00$aSF335.G7$bF22 1990
082 00$a798.4/00942$220
245 04$aThe Faber book of the turf /$cedited by John Hislop and David Swannell.
246 3 $aTurf.
260 0 $aLondon ;$aBoston :$bFaber and Faber,$c1990.
300   $ax, 362 p., [16] p. of plates :$bill. ;$c23 cm.
504   $aIncludes bibliographical references (p. [343]-346) and index.
650  0$aHorse racing$zEngland.
650  0$aHorse racing.
700 1 $aHislop, John.
700 1 $aSwannell, David.
988   $a20020608
906   $0DLC

