LEADER 01463nam a2200361 a 4500
001 002000537-7
005 20020606093309.7
008 881228s1978    ajr      b    001 0 ruso 
010   $a   81162927 /NE
035 0 $aocm19124997
040   $aDLC$cDLC$dHLS
041 0 $arusaze
043   $aa-aj---
050 0 $aZ8004.49$b.O78 1978$aQC16.A27
100 1 $aOrudzheva, Sh. O.
245 10$aG.B. Abdullaev :$bbibliografii︠a︡ /$c[sostaviteli, Sh.O. Orudzheva, L.S. Markina ; redaktory, N.A. Guliev, I︠U︡.M. Seidov, M.M. Gasanova].
246 3 $aḢ.B. Abdullai̐ev.
260   $aBaku :$bIzd-vo "Ėlm",$c1978.
300   $a163 p. ;$c16 cm.
440  0$aDei︠a︡teli nauki i kulʹtury Azerbaĭdzhana
500   $aRussian and Azerbaijani.
500   $aTitle on added t.p.: Ḣ.B. Abdullai̐ev.
500   $aAt head of title: Akademii︠a︡ nauk Azerbaĭdzhanskoĭ SSR. Ordena Trudovogo Krasnogo Znameni Institut fiziki. Fundamentalʹnai︠a︡ biblioteka.
500   $aIncludes index.
600 10$aAbdullaev, Gasan Mamed Bagir ogly$vBibliography.
655  7$aBibliography.$2fast
700 1 $aMarkina, L. S.
700 1 $aGuliev, N. A.
710 2 $aFizika Institutu (Azărbai̐jan SSR Elmlăr Akademii̐asy)
710 2 $aAzărbai̐jan SSR Elmlăr Akademii̐asy.$bĂsasly Kitabkhana.
776 08$iOnline version:$aOrudzheva, Sh. O.$tG.B. Abdullaev.$dBaku : Izd-vo "Ėlm", 1978$w(OCoLC)609442916
988   $a20020608
906   $0DLC

