LEADER 01011cam a2200277 a 4500
001 002000538-5
005 20020606093309.7
008 871019s1983    yu            000 0 hrv  
010   $a   85226613 //r90
035 0 $aocm16979850
040   $aDLC$cDLC$dHLS
043   $ae-yu---
050 00$aHB3805.5$b.P57 1983
100 1 $aPlaninc, Milka.
245 10$aZadaci komunista u ostvarivanju dugoročnog programa ekonomske stabilizacije /$cMilka Planinc.
260   $aBeograd :$bRadnička štampa,$c1983.
300   $a69 p. ;$c18 cm.
490 1 $aBiblioteka "Politička škola." III kolo
500   $aIn Serbo-Croatian (roman)
500   $aOn leaf preceding t.p.: Marksistički centar Komiteta OOSK u organima i organizacijama federacije.
650  0$aEconomic stabilization$zYugoslavia.
651  0$aYugoslavia$xEconomic policy$y1945-
651  0$aYugoslavia$xPolitics and government$y1980-
830  0$aBiblioteka "Politička škola" (Belgrade, Serbia).$nIII kolo.
988   $a20020608
906   $0DLC

