LEADER 01197cam a2200289Ia 4500
001 002000539-3
005 20020606093309.7
008 890328s1985    unra          000 1 rusod
020   $c0.35rub
035 0 $aocm19467945
040   $aIUL$cIUL$dPIT$dHLS
050  4$aPG3283$b.V113 1985
090   $aPG3283$b.V113 1985
245 00$aV shestnadt︠s︡atʹ malʹchisheskikh let :$bpovesti /$c[ret︠s︡enzenty Kucher, V.I., Laktionova, N.K.]
246 3 $aPi︠a︡tʹsot dneĭ ikh zhizni.
246 3 $aPesni︠a︡ silʹnee grozy.
260   $aKiev :$bIzd-vo polit. lit-ry Ukrainy,$c1985.
300   $a195 p. :$bill. ;$c21 cm.
505 0 $aPi︠a︡tʹsot dneĭ ikh zhizni / Boris Druzhinin -- Pesni︠a︡ silʹnee grozy / Anatoliĭ Tutyk.
650  0$aShort stories, Russian.
700 12$aDruzhinin, B. V.$q(Boris Vi︠a︡cheslavovich).$tPi︠a︡tʹsot dneĭ ikh zhizni.
700 12$aTutyk, A. A.$q(Anatoliĭ Antonovych).$tPseni︠a︡ silʹnee grozy.
700 1 $aKucher, V. I.
700 1 $aLaktionova, N. K.
776 08$iOnline version:$tV shestnadt͡satʹ malʹchisheskikh let.$dKiev : Izd-vo polit. lit-ry Ukrainy, 1985$w(OCoLC)619314856
988   $a20020608
906   $0OCLC

