LEADER 03158cam a2200313 a 4500
001 002000540-7
005 20110425182552.0
008 760319s1976    nyua     b    00100 eng  
010   $a   76008409 
020   $a0470150890
035 0 $aocm02470501
035 0 $aocm02470501$zocm09504846
040   $aDLC$cDLC$dNBG$dm.c.$dOCL$dGSU$dHMS
050 0 $aRC488.5$b.F35
060 00$aWM 430$bF199 1976
082   $a616.8/915
245 00$aFamily therapy :$btheory and practice /$cedited by Philip J. Guerin, Jr., for American Orthopsychiatric Association.
260 0 $aNew York :$bGardner Press :$bDistributed by Halsted Press,$cc1976.
300   $axi, 553 p. :$bill. ;$c24 cm.
504   $aIncludes bibliographical references and index.
505 0 $aFamily therapy: the first twenty-five years / Philip J. Guerin, Jr. -- Chronicle of a struggle to establish a family unit within a community mental health center / James L. Framo -- Theory in the practice of psychotherapy / Murray Bowen -- Theoretical aspects and clinical relevance of the multi-generational model of family therapy / Philip J. Guerin, Jr. and Katherine Buckley Guerin -- Communication theory and clinical change / John Weakland -- Theoretical framework for family group therapy / John Elderkin Bell -- System concepts and the dimensions of self / Thomas F. Fogarty -- Hindrance of theory in clinical work / Carl Whitaker -- Including the children in family therapy / Donald A. Bloch -- A family is a four dimensional relationship / Carl Whitaker -- Family therapy with one person and the family therapist's own family / Elizabeth Carter and Monica McGoldrick Orfanidis -- Social networks as the unit of intervention / Carolyn L. Attneave -- Child-centered family / Mariano Barragan -- Family and social management of schizophrenia / C. Christian Beels -- Alcohol and the family system / David Berenson.
505 0 $aSexual dysfunction and the family system / Lawrence S. Jackman -- Role of the family in the treatment of chronic asthma / Ronald Liebman [and others] -- Marital crisis / Thomas Fogarty -- Family reaction to death / Murray Bowen -- Brief therapy with couples groups / Peggy Papp -- Multiple couple therapy / Ian E. Alger -- Principles and techniques of multiple family therapy / Murray Bowen -- Multiple family therapy / H. Peter Laqueur -- Co-therapy in the treatment of families / Michael Holt and Doris Greiner -- Underorganization in the poor family / Harry J. Aponte -- Evaluation of family system and genogram / Philip J. Guerin, Jr. and Eileen G. Pendagast -- Family choreography / Peggy Papp -- Use of the arts in family therapy: I never sang for my father / Philip J. Guerin, Jr. -- Breaking the homeostatic cycle / Lynn Hoffman -- Cross-confrontation / Norman L. Paul -- Integrating immediate video playback in family therapy / Ian Alger.
650  2$aFamily Therapy
650  0$aFamily psychotherapy.
700 1 $aGuerin, Philip J.
710 2 $aAmerican Orthopsychiatric Association.
776 08$iOnline version:$tFamily therapy.$dNew York : Gardner Press : Distributed by Halsted Press, ©1976$w(OCoLC)568760236
988   $a20020608
906   $0DLC

