LEADER 00846cam a2200253 a 4500
001 002000541-5
005 20050808171038.0
008 000204s1982    xv       b    000 0 slv d
010   $a  2001379935
035 0 $aocm43397524
040   $aAUM$cDLC$dAUM$dTOZ
042   $alccopycat
043   $ae-yu---
050 00$aCC79.E85$bS65 1982
100 1 $aŠprajc, Ivan.
245 10$aO razmerju med arheologijo in etnologijo /$cIvan Šprajc.
260   $aLjubljana :$bIzdalo Slovensko etnološko društvo v sodelovanju s Slovenskim arheološkim društvom,$c1982.
300   $a100 p. :$bill. ;$c21 cm.
440  0$aKnjižnica Glasnika Slovenskega etnološkega društva ;$v5
504   $aIncludes bibliographical references (p. 85-100).
650  0$aEthnoarchaeology.
710 2 $aSlovensko etnološko društvo.
988   $a20020608
906   $0OCLC

