LEADER 00601cam a2200205 a 4500
001 002000542-3
005 20020606093309.7
008 890330m19879999ua            00010 arar 
010   $a   87961321 /NE
020   $a9773520129 (v. 1) :$c£E2.00
035 0 $aocm18494501
040   $aDLC$cDLC$dHLS
050 0 $aBP130.4$b.K46 1987
100 1 $aKishk, ʻAbd al-Ḥamīd.
245 10$aFī riḥāb al-tafsīr /$cʻAbd al-Ḥamīd Kishk.
260 0 $aal-Qāhirah :$bal-Maktab al-Miṣrī al-Ḥadīth,$c[1987]-
300   $av. ;$c28 cm.
630 00$aQurʼan$xCommentaries.
988   $a20020608
906   $0DLC

