LEADER 00504nam a22001455u 4500
001 002000543-1
005 20020606093309.7
008 900925|1985    unr          |||||||ukr|d
245 10$aZelenyi Harts :$bmoloda poeziia NDR /$c[uporiadkuvannia V.T. Vasyliuka ta O.M. Mokrovolʹsʹkoho ; pereklady z nimetsʹkoi ta serboluzhytsʹkoi].
260 0 $aKyiv :$bMolodʹ,$c1985.
300   $a149 p.
700 1 $aVasyliuk, V. T.$q(Volodymyr Tykhonovych)
700 1 $aMokrovolʹsʹkyĭ, Oleksandr.
988   $a20020608
906   $0MH

