LEADER 00404nam a22001455u 4500
001 002000544-X
005 20020606093309.7
008 900925|1933    yu           |||||||slv|d
100 1 $aZupan, Tomo.
245 10$aKako Lenka Prešernova svojega brata, pesnika, popisuje.
260 0 $aCelje :$bDružba sv. Mohorja v Celju,$c1933.
300   $a65 p.
490 0 $aMohorjeva knjižnica ;$v57
988   $a20020608
906   $0MH

