LEADER 00910nam a22002778a 4500
001 002000545-8
005 20020606093309.7
008 890929s1990    cau      b    00100 eng  
010   $a   89024241 
020   $a0803937237
035 0 $aocm20492184
040   $aDLC$cDLC$dKSG
043   $an-us---
050 0 $aJF1351$b.R43 1990
082 0 $a350$220
245 00$aRefounding public administration /$cby Gary L. Wamsley ... [et al.].
260 0 $aNewbury Park :$bSage Publications,$cc1990.
300   $a333 p. ;$c24 cm.
504   $aIncludes bibliographical references.
650  0$aPublic administration.
650  0$aBureaucracy$zUnited States.
651  0$aUnited States$xPolitics and government.
700 1 $aWamsley, Gary L.
776 08$iOnline version:$tRefounding public administration.$dNewbury Park, Calif. : Sage Publications, ©1990$w(OCoLC)645073901
988   $a20020608
906   $0DLC

