LEADER 01990nam a22003131  4500
001 002000546-6
005 20020606093309.7
008 810920s1960    xx a          000 0 eng d
016 7 $a45110130R$2DNLM
035 0 $aocm14618350
040   $aNLM$cNLM$dm.c.$dHMS
050  0$aRC424$b.M8
060 0 $aWM 475$bM978s 1960
100 1 $aMurphy, Albert T.
245 10$aStuttering and personality dynamics;$bplay therapy, projective therapy, and counseling$c[by] Albert T. Murphy and Ruth M. Fitzsimons.
260   $aNew York,$bRonald$c[c1960]
300   $avii, 519 p.$bill.
504   $aIncludes bibliographical references.
505 0 $aPart I Introduction -- 1. Stuttering: the disorder and the challenge -- 2. The self-image of the clinician -- Part II The Psychodynamics of Stuttering -- 3. Speech and language development -- 4. Personality dynamics and speech development -- 5. The self-process, anxiety, and speech dysfunctions -- 6. A self-process concept of stuttering -- Part III Psychodynamic Speech Therapy -- 7. Diagnosis, evaluation, and the evaluator -- 8. Play therapy in individual settings -- 9. Play therapy in a group setting -- 10. Projective therapy -- 11. Client-centered counseling -- 12. Counseling with parents -- 13. The stutterer, the teacher, and the speech clinician.
650  2$aProjective Techniques.
650  2$aStuttering.
650  0$aStuttering.
700 1 $aFitzSimons, Ruth M.
776 08$iOnline version:$aMurphy, Albert T.$tStuttering and personality dynamics.$dNew York, Ronald [c1960]$w(OCoLC)599292065
776 08$iOnline version:$aMurphy, Albert T.$tStuttering and personality dynamics.$dNew York, Ronald [c1960]$w(OCoLC)627564885
776 08$iOnline version:$aMurphy, Albert T.$tStuttering and personality dynamics.$dNew York, Ronald [©1960]$w(OCoLC)599292065
776 08$iOnline version:$aMurphy, Albert T.$tStuttering and personality dynamics.$dNew York, Ronald [©1960]$w(OCoLC)627564885
988   $a20020608
906   $0OCLC

