LEADER 00737nam a22001937u 4500
001 002000547-4
005 20020606093309.7
008 900925|1899    is           |||||||heb|d
035 0 $aocm22924913
100 1 $aMelamed, Avraham Shelomoh.
245 10$aMasekhet Soḥarim :$bʻim pe[rush] Rashah ṿe-tosefet Yeshenim ṿe-nirdamim : ḥidushim Meha-Rash u-fisḳe ha-Rash... : le-toʻelet kol ha-soḥarim...meshartehem ṿe-ʻozrehem /$cme-et Avraham Shelomoh Melamed...
260 0 $a[Tel Aviv :$bs.n.,$c660 [1899 or 1900]
300   $a56 p. ;$c24 cm.
500   $aReprint. Originally published: Berdichev [1899]
650  0$aParodies, Yiddish.
752   $aIsrael$dTel Aviv
752   $aUkraine$dBerdichev
988   $a20020608
906   $0MH

