LEADER 00899cam a22002658a 4500
001 002000548-2
005 20020606093309.7
008 900104s1990    nyu      b    00110 eng  
010   $a   90002705 
020   $a0313253625 (lib. bdg. : alk. paper)
035 0 $aocm20934598
040   $aDLC$cDLC$dKSG
043   $an-us---
050 00$aHD9502.U52$bW45 1990
082 00$a363.7/07/0973$220
100 1 $aWenner, Lettie McSpadden.
245 10$aU.S. energy and environmental interest groups :$binstitutional profiles /$cLettie McSpadden Wenner.
260 0 $aNew York :$bGreenwood Press,$cc1990.
300   $axxvii, 358 p. ;$c25 cm.
504   $aIncludes bibliographical references (p [341]-347).
650  0$aEnergy policy$xEnvironmental aspects$zUnited States.
650  0$aEnvironmental policy$zUnited States.
650  0$aPressure groups$zUnited States.
988   $a20020608
906   $0DLC

