LEADER 00607nam a22001697u 4500
001 002000549-0
005 20070501165646.0
008 900925|1985    unra         |000|0|ukr|d
035 0 $aocm24275183
100 1 $aBondarenko, V. D.$q(Vladimir Danilovich)
245 10$aLisovymy stezhkamy :$brozpovidi pro roslynnyi i tvarynnyi svit Volynsʹkykh lisiv /$cV.D. Bondarenko, A.D. Lukashchuk.
260 0 $aLʹviv :$bKameni͡ar,$c1985.
300   $a54, [16] p. of col. plates :$bill. ;$c17 cm.
651  0$aUkraine$xDescription and travel.
700 1 $aLukashchuk, A. D.$q(Andriĭ Danylovych)
988   $a20020608
906   $0MH

