LEADER 01220cam a22003138a 4500
001 002000550-4
005 20020606093309.7
008 900108s1990    nyu      b    00110 eng  
010   $a   90002733 
020   $a0313255393 (lib. bdg. : alk. paper)
035 0 $aocm20993454
040   $aDLC$cDLC$dKSG
050 00$aZ7161.A1$bL5 1990$aH61
082 00$a016.3$220
100 1 $aLi, Tze-chung,$d1927-
245 10$aSocial science reference sources :$ba practical guide /$cTze-chung Li.
250   $aRev. and enl. 2nd ed.
260 0 $aNew York :$bGreenwood Press,$c1990.
300   $axxx, 590 p. ;$c24 cm.
440  0$aContributions in librarianship and information science,$x0084-9243 ;$vno. 68
504   $aIncludes bibliographical references and index.
650  0$aSocial sciences$xBibliography of bibliographies.
650  0$aSocial sciences$xReference books$vBibliography.
650  0$aSocial sciences$vBibliography.
655  7$aBibliography.$2fast
655  7$aBibliography of bibliographies.$2fast
776 08$iOnline version:$aLi, Tze-chung, 1927-$tSocial science reference sources.$bRev. and enl. 2nd ed.$dNew York : Greenwood Press, 1990$w(OCoLC)605337359
988   $a20020608
906   $0DLC

