LEADER 00891aam a2200289 a 4500
001 002000551-2
005 20020606093309.7
008 900720s1990    gw       b    00110 ger  
010   $a   90177158 
020   $a3161455053
035 0 $aocm23082395
035 0 $aocm21999585
040   $aDLC$cDLC$dBHA
043   $aawba---
050 00$aBS2397$b.B45 1990
082 00$a230$220
100 1 $aBetz, Otto.
245 10$aJesus, der Herr der Kirche :$bAufsätze zur biblischen Theologie II /$cvon Otto Betz.
260 0 $aTübingen :$bMohr (Paul Siebeck),$cc1990.
300   $aviii, 516 p. ;$c24 cm.
440  0$aWissenschaftliche Untersuchungen zum Neuen Testament,$x0512-1604 ;$v52
504   $aIncludes bibliographical references and indexes.
630 00$aBible.$pNew Testament$xTheology.
650  0$aQumran community.
650  0$aGnosticism.
988   $a20020608
906   $0DLC

