LEADER 01309nam a22003018a 4500
001 002000552-0
005 20020606093309.7
008 891101s1990    mdu      r    00100 eng  
010   $a   89048298 
020   $a0932020755 :$c$10.95
035 0 $aocm20694346
040   $aDLC$cDLC$dKSG
043   $an-us---
050 0 $aJX1293.U6$bI58 1990
082 0 $a353.0089/07$220
245 00$aInternships in foreign and defense policy :$ba complete guide for women (& men) /$cprepared by Women in International Security.
246 3 $aInternships in foreign & defense policy
260 0 $aCabin John, MD :$bSeven Locks Press,$c1990.
300   $axii, 103 p. ;$c25 cm.
500   $a"A project of the Center for International Security Studies at Maryland.
650  0$aInternational relations$xStudy and teaching (Internship)$zUnited States$vDirectories.
650  0$aSecurity, International$xStudy and teaching (Internship)$zUnited States$vDirectories.
650  0$aMilitary policy$xStudy and teaching (Internship)$zUnited States$vDirectories.
655  7$aDirectories.$2fast
710 2 $aWomen in International Security (Project)
776 08$iOnline version:$tInternships in foreign and defense policy.$dCabin John, MD : Seven Locks Press, ©1990$w(OCoLC)646960245
988   $a20020608
906   $0DLC

