LEADER 00706nam a2200229Ia 4500
001 002000553-9
005 20020606093309.7
008 880715s1985    un            000 0 ukr d
035 0 $aocm18219822
040   $aUIU$cUIU$dHLS
041 1 $aukr$hlat
090   $ax
100 1 $aOvid,$d43 B.C.-17 A.D. or 18 A.D.
240 10$aMetamorphoses$lUkrainian
245 10$aMetamorfozy :$bz latynsʹkoï /$cPubliĭ Ovidiĭ Nazon ; [Pereklad, peredmova ta prymitky Andrii͡a Sodomory].
260   $aKyïv :$bDnipro,$c1985.
300   $a299 p. ;$c22 cm.
500   $aTitle on added t.p.: Metamorphoses.
500   $aTitle in colophon.: Metamorfozy.
700 1 $aSodomora, Andriĭ.
988   $a20020608
906   $0OCLC

