LEADER 00790nam a2200253 a 4500
001 002000554-7
005 20020606093309.7
008 870313s1985    unr      b    000 0 ukro 
010   $a   87121591 
020   $c0.40rub
035 0 $aocm20308390
040   $aDLC$cDLC$dHLS
043   $ae-ur---
050 00$aDK33$b.N49 1985
245 00$aNezlamna i︠e︡dnistʹ /$c[roim I︠A︡kovlevich Gorovskiĭ ... et al.].
260   $aKyïv :$bVyd-vo polit. lit-ry Ukraïny,$c1985.
300   $a229, [3] p. ;$c17 cm.
440  0$aPerevahy sot︠s︡ializmu
504   $aBibliography: p. 224-[230]
651  0$aSoviet Union$xEthnic relations.
651  0$aSoviet Union$xPolitics and government$y1917-1936.
700 1 $aHorovsʹkyĭ, Froïm I︠A︡kovych.
988   $a20020608
906   $0DLC

