LEADER 00961cam a2200301 a 4500
001 002000555-5
005 20020606093309.7
008 920110s1989    be       b    001 0 fre  
010   $a   92103225 //r93
020   $a9061862809 (Leuven Univ.)
020   $a9068311964 (Uitgeverij Peeters)
035 0 $aocm26013596
035 0 $aocm21354093
040   $aDLC$cDLC$dDLC
041 0 $afreeng
050 00$aBS2595.2$b.E93 1989
082 00$a226.4/06$220
245 02$aL'Evangile de Luc =$bThe gospel of Luke /$cedited by F. Neirynck.
246 3 $aGospel of Luke.
250   $a2e. éd.
260   $a[Leuven] :$bLeuven University Press :$bUitgeverij Peeters,$c1989.
300   $ax, 590 p. ;$c25 cm.
440  0$aBibliotheca Ephemeridum theologicarum Lovaniensium ;$v32
504   $aIncludes bibliographical references and indexes.
630 00$aBible.$pLuke$xCriticism, interpretation, etc.
700 1 $aNeirynck, F.
988   $a20020608
906   $0DLC

