LEADER 00852nas a22002057a 4500
001 002000556-3
005 20020606093309.7
008 900925c19uu9999pp uu p||    |||||||eng|d
035 0 $aocm30128793
043   $aa-pp---
110 1 $aPapua New Guinea.$bController, Bougainville State of Emergency.
245 14$aThe ... report on the Bougainville state of emergency to the National Parliament.
260   $aWaigani, National Capital District :$bController, Bougainville State of Emergency,
500   $aDescription based on: 4th report (Oct./Nov. 1989); title from cover.
651  0$aBougainville Island (Papua New Guinea)$xPolitics and government$vPeriodicals.
650  0$aInsurgency$zPapua New Guinea$zBougainville Island$vPeriodicals.
700 1 $aTohian, Paul T.
710 1 $aPapua New Guinea.$bNational Parliament.
988   $a20020608
906   $0MH

