LEADER 00990nam a2200289Ia 4500
001 002000557-1
005 20020606093309.7
008 910327s1990    maua     b    00010 eng d
035 0 $aocm23319783
040   $cCLS
050  4$aTD170.7$b.B88 1990
090   $aTD170.7$b.B88 1990
100 1 $aButler, James Newton.
245 10$aLibrary resources for General Education 180, Environmental Quality and Its Management /$ccompiled by James N. Butler.
260 0 $aCambridge, MA :$bHarvard University,$c1990.
300   $a48 p. ;$c28 cm.
500   $aCover title.
500   $a"August 1990."
650  0$aEnvironmental protection$xBiography.
650  0$aEcology$vBibliography.
650  0$aEnvironmental literature.
655  7$aBibliography.$2fast
655  7$aBiography.$2fast
710 2 $aHarvard College (1780-).$bGeneral Education Program.
710 2 $aHarvard University.$bFaculty of Arts and Sciences.$bCommittee on General Education.
988   $a20020608
906   $0MH

