LEADER 00913aam a2200301 a 4500
001 002000558-X
005 20070901100757.0
008 901205s1990    gw a     b    001 0 ger  
010   $a   90223936 
020   $a3878389051
035 0 $aocm22234158
035 1 $aMAHA90B1856
040   $aDLC$cDLC$dHTV
043   $ae-it---
050 00$aNA1115$b.H48 1990
082 00$a720/.945/09024$220
100 1 $aHetzer, Theodor,$d1890-1946.
245 10$aItalienische Architektur /$cTheodor Hetzer.
260   $aStuttgart :$bUrachhaus,$cc1990.
300   $a472 p. :$bill. ;$c24 cm.
490 1 $aSchriften Theodor Hetzers ;$vBd. 6
500   $aIncludes indexes.
504   $aIncludes bibliographical references (p. 445-459).
650  0$aArchitecture, Renaissance$zItaly.
650  0$aArchitecture$zItaly.
800 1 $aHetzer, Theodor,$d1890-1946.$tWorks.$f1981 ;$vBd. 6.
988   $a20020608
906   $0DLC

