LEADER 00723cam a2200241 a 4500
001 002000559-8
005 20020606093309.7
008 900824s1985    enka     bc   00010 eng d
035 0 $aocn123100479
035 1 $aMAHA90B2083
035 1 $zOHCA86B2172
040   $aNNMoMA$cNNMoMA$dOClMA$dMH-FA
100 1 $aHoyland, John,$d1934-
245 10$aJohn Hoyland.
260 0 $aLondon :$bWaddington Galleries,$cc1985.
300   $a19 p. :$ball col. ill. ;$c29 cm.
500   $aCatalog of an exhibition held Mar. 6-30, 1985.
500   $aCover title.
504   $aIncludes bibliographical references (p. 19)
600 10$aHoyland, John,$d1934-$vExhibitions.
710 2 $aWaddington Galleries.
988   $a20020608
906   $0RLIN

