LEADER 01099nam a2200301 a 4500
001 002000560-1
005 20020606093309.7
008 900828s1990    it       i    00010 ita d
035 0 $aocm22376266
035 1 $aMAHA90B2116
040   $aMH-FA$cMH-FA
043   $ae-it---
050 00$aDG804$b.S78 1990
100 1 $aGigli, Laura.
245 10$aStrade, piazze e monumenti nelle Guide rionali di Roma /$ca cura di Laura Gigli.
246 3 $aGuide rionali di Roma.
260 0 $aRoma :$bFratelli Palombi,$c1990.
300   $a81 p. ;$c23 cm.
650  0$aMonuments$zItaly$zRome$xGuidebooks$vIndexes.
650  0$aStreets$zItaly$zRome$xGuidebooks$vIndexes.
650  0$aPlazas$zItaly$zRome$xGuidebooks$vIndexes.
651  0$aRome (Italy)$xBuildings, structures, etc.$xGuidebooks$vIndexes.
651  0$aRome (Italy)$xGuidebooks$vIndexes.
700 1 $aGigli, Laura.
710 1 $aRome (Italy).$bAssessorato alla cultura.
776 08$iOnline version:$tStrade, piazze e monumenti nelle Guide rionali di Roma.$dRoma : Fratelli Palombi, 1990$w(OCoLC)605067862
988   $a20020608
906   $0MH

