LEADER 00888nam a2200277 a 4500
001 002000561-X
005 20020606093309.7
008 900830s1986    gw fc    b    00010 ger  
010   $a   86212897 
020   $a3487077302
035 0 $aocm13876764
035 1 $aMAHA90B2143
035 1 $zDCLC86212897B
040   $dMH-FA
050 0 $aNA1088.G85$bC55 1986
082 0 $a720/.92/4$219
100 1 $aClaussen, Horst,$d1954-
245 10$aWalter Gropius :$bGrundzüge seines Denkens /$cHorst Claussen.
260 0 $aHildesheim ;$aNew York :$bOlms,$c1986.
300   $axi, 194 p., [1] leaf of plates :$b1 port. ;$c21 cm.
440  0$aStudien zur Kunstgeschichte,$x0175-9558 ;$vBd. 39
504   $aBibliography: p. [184]-194.
600 10$aGropius, Walter,$d1883-1969$xCriticism and interpretation.
650  0$aArchitecture, Modern$y20th century.
988   $a20020608
906   $0RLIN

