LEADER 01001cam a2200253 i 4500
001 002000562-8
005 20141124083823.0
008 900622s1977    ua       b    00010 ara  
010   $a   78961408 
035 0 $aocm09899829
035 1 $aMAHL90B3573
035 1 $zPAUG86B47552
040   $aPU$cPU$dMH-L
050  4$aKBP858.A32$bA23 1977
100 1 $aʻAbduh, ʻĪsá.
245 13$aal-ʻUqūd al-sharʻīyah al-ḥākimah lil-muʻāmalāt al-mālīyah al-muʻāṣirah :$bbaḥth muqaddam ilá Muʾtamar al-Fiqh al-Islāmī, al-munʻaqad bi-Madīnat al-Riyāḍ, fī Dhī al-Qaʻdah, 1396 H.-Nūfimbir 1976 M., bi-daʻwah min Jāmiʻat al-Imām Muḥammad Ibn Saʻūd al-Islāmīyah /$cʻĪsá ʻAbduh.
250   $aal-Ṭabʻah 1.
260 0 $aal-Qāhirah :$bDār al-Iʻtiṣām,$c1977.
300   $a288 p. ;$c25 cm.
440  0$aMin maktabat al-iqtiṣād al-Islāmī
504   $aIncludes bibliographical references.
650  0$aContracts (Islamic law)
988   $a20020608
906   $0RLIN

