LEADER 01898cam a2200349 a 4500
001 002000563-6
005 20020606093309.7
008 900622m19651966le       b   f00000 arar 
010   $a   89150267 
035 0 $aocm21119038
035 1 $aMAHL90B3574
035 1 $zDCLC89150267B
040   $aDLC$cDLC$dDLC$dMH-L
041 0 $aaraengfre
043   $ama-----
050 00$aJX1662$b.D57 1965
245 00$aDirāsāt fī al-diblūmāsīyah al-ʻArabīyah.
260 0 $aBayrūt :$bal-Maʻhad al-Waṭanī lil-Idārah wa-al-Inmāʾ,$c1965-1966.
300   $a4 v. ;$c25 cm.
500   $aText in Arabic with some articles in English and French.
500   $aAt head of title: al-Jumhūrīyah al-Lubnānīyah, Majlis al-Khidmah al-Madanīyah.
504   $aIncludes bibliographical references.
505 0 $ajuzʾ 1. al-ʻAlāqāt al-ʻArabīyah wa-al-dawlīyah. al-Qānūn al-dawlī. al-Munaẓẓamāt al-dawlīyah. al-Idārāt al-ḥukūmīyah al-ʻāmilah fī majāl al-ʻalāqāt al-dawlīyah. al-Diblūmasīyah fī al-naẓarīyah wa-al-taṭbīq. al-Iqtiṣād al-ʻArabī wa-al-dawlī -- juzʾ 2. al-Diblūmsīyah fī al-naẓarīyah wa-al-taṭbīq. al-Idārāt al-ḥukūmīyah wa-al-ʻalāqāt al-dawlīyah, al-iqtiṣād al-dawlī -- juzʾ 3. al-ʻAlāqāt al-dawlīyah wa-al-ʻArabīyah. al-Qānūn al-dawlī wa-al-munaẓẓamāt al-dawlīyah. al-Idārāt al-ḥukūmīyah wa-al-ʻalāqāt al-dawlīyah. al-Iqtiṣād al-dawlī -- juzʾ 4. al-Iqtiṣād al-dawlī.
650  0$aConsular law.
650  0$aInternational economic relations.
650  0$aDiplomatic and consular service, Arab countries.
651  0$aArab countries$xForeign relations.
651  0$aArab countries$xForeign economic relations.
710 2 $aMaʻhad al-Waṭanī lil-Idārah wa-al-Inmāʾ (Lebanon)
710 2 $aMajlis al-Khidmah al-Madanīyah (Lebanon)
988   $a20020608
906   $0DLC

