LEADER 00716cam a2200217 a 4500
001 002000564-4
005 20020606093309.7
008 900627s1970    sy       b    00010 ara d
035 1 $aMAHL90B3648
040   $aMH-L$cMH-L
043   $ama-----
100 1 $aḤakīm, Muḥammad Walīd.
245 10$aSharḥ jarāʾim al-tazyīf wa-al-taqlīd wa-al-tazwīr ʻilman wa-ʻamalan /$ctaʾlīf Muḥammad Walīd al-Ḥakīm.
260 0 $aḤalab, Sūrīyah :$b[s.n.],$c1970.
300   $a431 p. ;$c24 cm.
504   $aBibliography: p. 419-421.
650  0$aForgery$zArab countries.
650  0$aCounterfeits and counterfeiting$zArab countries.
650  0$aCriminal law$zArab countries.
988   $a20020608
906   $0MH

