LEADER 00842cam a2200205   4500
001 002000565-2
005 20020606093309.7
008 900629m19589999ly c         f00110 arar 
010   $a   59054771 
035 1 $aMAHL90B3711
040   $cMH-L$dMH-L
043   $af-ly---
110 1 $aLibya.$bMaḥkamah al-ʻUlyā al-Ittiḥādīyah.
245 10$aQaḍāʾ al-Maḥkamah al-ʻUlyā al-Ittiḥādīyah,$bmin tārīkh inshāʾihā fī 10 Nūfambir 1953 li-ghāyat 14 Yūniyūh 1958.$cṢadarat bi-taklīf min Manṣūr al-Maḥjūb raʾīs al-Maḥkamah al-ʻUlyā al-Ittiḥādīyah.
260 0 $a[Ṭarābulus]$bal-Maktab al-Fannī li-Tabwīb al-Aḥkām$c[1958?-
300   $av.$bports.$c25 cm.
505 1 $aal-Juzʾ 1: al-Qaḍāʾ al-idārī wa-al-dustūrī
650  0$aLaw reports, digests, etc.$zLibya.
988   $a20020608
906   $0RLIN

