LEADER 00854cam a2200253   4500
001 002000566-0
005 20020606093309.7
008 900727m19699999ua       b    00010 arar 
010   $a   78961172 /NE/r74
035 0 $aocm21682345
035 1 $aMAHL90B4189
035 1 $zCUBG82B31081
040   $cCU$dCU$dMH-L
043   $af-ua---
090   $aHB701$b.J35
100 1 $aJammāl, Muṣṭafá.
245 10$aNiẓām al-milkīyah$c[taʹlīf] Muṣṭafá al-Jammāl.
260 0 $aal-Iskandarīyah,$bal-Maktab al-Miṣrī al-Ḥadīth lil-Ṭibāʻah wa-al-Nashr,$c[1969-
300   $av.$c25 cm.
504   $aIncludes bibliographical references.
505 1 $a1. al-Milkīyah al-khāṣṣah, al-milkīyah al-ʻāmmah, al-milkīyah al-taʻāwunīyah, maḍāmīnuhā wa-awṣāfuhā.
650  0$aProperty$zEgypt.
988   $a20020608
906   $0RLIN

