LEADER 00861cam a2200229   4500
001 002000567-9
005 20020606093309.7
008 900727s1968    ua       b    00000 arar 
010   $ane 68004721 
035 0 $aocm11860399
035 1 $aMAHL90B4191
040   $aDLC$cTxU-L$dTxU-L$dCStRLIN$dMH-L
043   $aa-iq---
100 1 $aKhaṭṭāb, Ḍiyāʾ Shīt.
245 10$aMuḥāḍarāt fī mabādiʾ al-tanẓīm al-qaḍāʾī fī al-ʻIrāq,$bAlqāhā Ḍiyāʾ Shīt Khaṭṭāb ʻalā ṭalabat Qism al-Buḥūth wa-al-Dirāsāt al-Qānūnīyah.
260 0 $a[al-Qāhirah]$bJāmiʻat al-Duwal al-ʻArabīyah, Maʻhad al-Buḥūth wa-al-Dirāsāt al-ʻArabīyah,$c1968.
300   $a275 p.$c24 cm.
504   $aBibliography: p. [263]-[268]
650  0$aJustice, Administration of$zIraq.
650  0$aCourts$zIraq.
988   $a20020608
906   $0DLC

