LEADER 00654cam a22002171  4500
001 002000568-7
005 20150220162311.0
008 840208s1966    ua            000 0 arar 
010   $ane 67000415 
035 0 $aocm33110156
040   $aDLC$cTxU$dTxU$dDLC
042   $apremarc
050 00$aKBP440.3$b.A28 1966
100 2 $aAbu al-Najā, Muḥammad ʻAbd Allāh,$d1897-1949.
245 10$aUṣūl al-fiqh,$ctaʼlīf Muḥammad ʻAbd Allāh Abū al-Najā.
250   $aal-Ṭabʻah 5.
260   $a[al-Qāhirah]$bMuḥammad ʻAlī Ṣubayḥ,$c1966.
300   $a160 p.$bport.$c24 cm.
650  0$aIslamic law$xSources.
988   $a20020608
906   $0DLC

