LEADER 00706cam a2200217   4500
001 002000569-5
005 20020606093309.7
008 900727s1969    ua       b    00010 arar 
010   $a   75961158 
035 0 $aocm12018254
035 1 $aMAHL90B4193
040   $aDLC$cTxU-L$dTxU-L$dCStRLIN$dMH-L
043   $af-ua---
100 2 $aʻAbd al-Mājid, Saʻīd.
245 13$aal-Markaz al-qānūnī lil-sharikāt al-ajnabīyah$c[taʾlīf] Saʻīd ʻAbd al-Mājid.
260 0 $aal-Iskandarīyah,$bal-Maktab al-Miṣrī al-Ḥadīth lil-Ṭibāʻah wa-al-Nashr,$c1969.
300   $a574 p.$c25 cm.
504   $aBibliography: p. 547-561.
650  0$aCorporations, Foreign$zEgypt.
988   $a20020608
906   $0DLC

