LEADER 00707cam a2200241   4500
001 002000570-9
005 20020606093309.7
008 900727s1966    ua       b    00010 arar 
010   $ane 66000922 
035 0 $aocm11478361
035 1 $aMAHL90B4194
040   $dTxU-L$dCStRLIN$dMH-L
043   $af-ua---
100 1 $aʻAmrūsī, Anwar.
245 10$aQawāʻid wa-ijrāʾāt ījār al-amākin wa-takhfīḍ al-ujrah$ctaʾlīf Anwar al-ʻAmrūsī.
250   $aal-Ṭabʻah 1.
260 0 $aal-Iskandarīyah,$bDār Nashr al-Thaqāfah,$c1966.
300   $a488 p.$c23 cm.
504   $aBibliography: p. [3]-4.
650  0$aRent$zEgypt.
650  0$aRent control$zEgypt.
988   $a20020608
906   $0RLIN

