LEADER 01040cam a2200253   4500
001 002000571-7
005 20020606093309.7
008 900727s1968    ua       b    00010 arar 
010   $a   70960323 
035 0 $aocm11872178
035 1 $aMAHL90B4195
040   $aDLC$cTxU-L$dTxU-L$dCStRLIN$dMH-L
043   $af-ua---
100 1 $aSalāmah, Maʾmūn Muḥammad.
245 13$aal-Muḥarriḍ al-Sūrī :$btadākhul rijāl al-sulṭah wa-al-murshidīn fī al-jarīmah.$cLi-Maʾmūn Muḥammad Salāmah.
260 0 $a[al-Qāhirah]$bMaṭbaʻat Jāmiʻat al-Qāhirah,$c1968.
300   $a153 p.$c24 cm.
500   $aCover title.
500   $a"Nashr hādhā al-baḥth fī Majallat al-Qānūn wa-al-Iqtiṣād allatī yaṣdiruhā asātidhat Kullīyat al-Ḥuqūq fī al-ʻadadan al-thānī wa-al-thālith min al-sanah al-thāminah wa-al-thalāthin."
500   $aPages numbered also: [233]-315, [531]-599.
504   $aIncludes bibliographical references.
650  0$aCriminal investigation$zEgypt.
988   $a20020608
906   $0DLC

