LEADER 00734cam a2200205   4500
001 002000572-5
005 20020606093309.7
008 900727s1968    ua k          00000 arar 
010   $a   72223511 
035 1 $aMAHL90B4197
040   $aDLC$cTxU-L$dTxU-L$dCStRLIN$dMH-L
043   $af-ua---
110 1 $aUnited Arab Republic.
245 10$aQānūn al-taʾmīnāt al-ijtimāʻīyah wa-al-qarārāt al-munaffidhah lahu.
260 0 $a[al-Qāhirah]$bal-Hayʾah al-ʻĀmmah lil-Taʾmīnāt al-Ijtimāʻīyah,$c[1968?]
300   $a13, 296 p.$bforms.$c27 cm.
650  0$aSocial security$xLaw and legislation$zEgypt.
710 2 $aHayʾah al-ʻĀmmah lil-Taʾmīnāt al-Ijtimāʻīyah (United Arab Republic)
988   $a20020608
906   $0DLC

