LEADER 00556cam a2200193 a 4500
001 002000573-3
005 20020606093309.7
008 900727m18949999ua            00010 ara d
035 0 $aocm22679199
035 1 $aMAHL90B4198
040   $aMH-L$cMH-L
043   $af-ua---
100 1 $aBustānī, Amīn Afandī Afram.
245 10$aSharḥ qānūn al-ʻuqūbāt al-Miṣrī /$cli-Amīn Afandī Afram al-Bustānī.
260 0 $aMiṣr :$bMaṭbaʻat al-Maḥrūsah,$c1894-
300   $av. ;$c25 cm.
650  0$aCriminal law$zEgypt.
988   $a20020608
906   $0MH

