LEADER 00638cam a2200205   4500
001 002000574-1
005 20020606093309.7
008 900801s1999    gh           f00000 eng  
010   $a   61027116 
035 1 $aMAHL90B4274
040   $cMH-L$dMH-L
043   $af-gh---
110 1 $aGhana.$bCommission of Enquiry into the Working and Administration of the Present Company Law.
245 10$aInterim report, together with the Government's statement on the interim report.
260 0 $aAccra,$bGovt. Printer,$c1959.
300   $a8 p. ;$c34 cm.
500   $aCover title.
650  0$aCorporation law$zGhana.
988   $a20020608
906   $0RLIN

