LEADER 00655cam a2200193 a 4500
001 002000575-X
005 20020606093309.7
008 900801s1959    gh           f00010 eng d
035 1 $aMAHL90B4275
040   $aMH-L$cMH-L
043   $af-gh---
110 1 $aGhana.$bCommission of Enquiry into the Working and Administration of the Present Company Law.
245 10$aInterim and final report of the Commission of Enquiry into the Working and Administration of the Present Company law of Ghana.
260 0 $aAccra :$bGovt. Printer,$c1959.
300   $a8 p. ;$c34 cm.
500   $aCover title.
650  0$aCorporation law$zGhana.
988   $a20020608
906   $0MH

