LEADER 01170cam a2200301 a 45x0
001 002000576-8
005 20030408152528.0
008 891220s1988    cc a     l    000 0 chi  
010   $a   89203311 
020   $a7501401314 :$cRMBY5.80
035 0 $aocm20741360
040   $aDLC$cDLC$dOCLCQ
043   $aa-cc---
245 00$6880-01$aGong an fa gui hui bian, 1980-1986 /$cGong an bu fa gui ju bian.
250   $6880-02$aDi 1 ban.
260   $6880-03$aBeijing :$bQun zhong chu ban she :$bXin hua shu dian Beijing fa xing suo fa xing,$c1988.
300   $a6, 426 p. :$bill. ;$c21 cm.
500   $aSupplement to: Gong an fa gui hui bian, 1950-1979.
650  0$aPublic policy (Law)$zChina.
710 2 $6880-04$aChina.$bGong an bu.$bFa gui ju.
710 1 $6880-05$aChina.$tGong an fa gui hui bian, 1950-1979.
880 00$6245-01$a公安法规汇编, 1980-1986 /$c公安部法规局编.
880   $6250-02$a第1版.
880   $6260-03$a北京 :$b群众出版社 :$b新华书店北京发行所发行,$c1988.
880 2 $6710-04$aChina.$b公安部.$b法规局.
880 1 $6710-05$aChina.$t公安法规汇编, 1950-1979.
988   $a20030403
906   $0DLC

