LEADER 00926nam a2200241 a 4500
001 002000577-6
005 20020606093309.7
008 900801s1975    xx            00000 eng d
035 1 $aMAHL90B4289
035 1 $zFLULABC1648B
040   $aPPStCh$cPPStCh$dFU-L$dCStRLIN$dMH-L
100 1 $aPaska, Walter.
245 10$aSources of particular law for the Ukrainian Catholic Church in the United States /$cby Walter Paska.
260   $c1975.
300   $avii, 285 leaves
490 1 $aCanon law studies / the Catholic University of America ;$vno. 485
502   $aThesis (J.C.D.)--Catholic University of America, 1975.
504   $aIncludes bibliographical references (leaves 276-283).
610 20$aCatholic Church$xByzantine rite, Ukrainian$zUnited States$xSources.
610 20$aCatholic Church$xByzantine rite, Ruthenian$zUnited States$xSources.
830  0$aCanon law studies ;$vno. 485.
988   $a20020608
906   $0RLIN

