LEADER 00940cam a2200301   4500
001 002000578-4
005 20141121090346.0
008 900802s1967    ua       b    00010 arar 
010   $ane 68004704 
035 0 $aocm13812164
035 1 $aMAHL90B4366
040   $cMH-L$dMH-L
050  4$aKBP866.5$b.D37 2012
100 1 $aḌarīr, Ṣiddīq al-Amīn.
245 13$aal-Gharar wa-atharuh fī al-ʻuqūd fī al-fiqh al-Islāmī,$bdirāsah muqāranah.$cTaʾlīf al-Ṣiddīq Muḥammad al-Amīn al-Ḍarīr.
250   $aal-Ṭabʻah 1.
260 1 $a[al-Qāhirah]$c1967.
300   $a19, 747 p.$c24 cm.
502   $a"Risālat al-Duktūrāh--Jāmiʻat al-Qāhirah."
504   $aBibliography: p. [683]-701.
650  0$aRisk (Islamic law)
650  0$aContracts (Islamic law)
650  0$aDeception (Islamic law)
650  0$aSales (Islamic law)
650  0$aRisk.
650  0$aContracts.
988   $a20020608
906   $0RLIN

