LEADER 01095nam a2200325 i 4500
001 002000579-2
005 20020606093309.7
008 900803s1975    be af    b    00010 fre  
010   $a   77456560 //r884
015   $aBe76-3
035 0 $aocm02639804
035 1 $aMAHL90B4404
035 1 $zDCLC77456560B
040   $dCStRLIN$dMH-L
043   $ae-be---
050 0 $aJN5718$b.A7 no. 65$aDH801.B6
082   $a320.9/493/01 s$a949.3/5
100 1 $aVermer, Adelin.
245 13$aLa révolution bouillonnaise et ses lendemains :$bcontribution à l'histoire des révolutions de la fin du XVIIIe siècle /$cAdelin Vermer.
260 0 $aHeule :$bUga,$c1975.
300   $a354 p., [10] leaves of plates :$bill. ;$c25 cm.
490 1 $aAnciens pays et assemblées d'états ;$v65
500   $aErrata slip inserted.
504   $aBibliography: p. [283]-291.
651  0$aBouillon (Duchy)$xHistory.
651  0$aBouillon (Belgium)$xHistory.
651  0$aBelgium$xHistory$yRevolution, 1789-1790.
830  0$aAnciens pays et assemblées d'Etats ;$v65.
988   $a20020608
906   $0RLIN

