LEADER 00933nam a2200301   4500
001 002000580-6
005 20020606093309.7
008 900803s1972    be b     b    00010 dut  
010   $a   79344953 //r86
015   $aBe***
035 0 $aocm05028527
035 1 $aMAHL90B4405
035 1 $zDCLC79344953B
040   $dMH-L
043   $ae-be---
050 0 $aJN5718$b.A7 No. 59$aDH491
100 1 $aWils, Lode.
245 13$aDe houding van de politieke partijen tegenover de Vlaamse beweging in de 19e eeuw;$cpersstudies onder leiding van Lode Wils.
260 0 $aHeule,$bUGA,$c1972.
300   $a228 p.$bfold. map.$c25 cm.
490 1 $aStanden en landen,$v59
504   $aBibliography: p. [221]-224.
650  0$aFlemish movement$xHistory.
650  0$aPress$zBelgium.
651  0$aBelgium$xPolitics and government$y1830-1914.
830  0$aAnciens pays et assemblées d'Etats ;$v59.
988   $a20020608
906   $0RLIN

