LEADER 00889nam a2200301   4500
001 002000581-4
005 20020606093309.7
008 900803s1972    be a     b    01000 fre  
010   $a   74168942 //r862
015   $aBe***
035 0 $aocm00980656
035 1 $aMAHL90B4407
035 1 $zDCLC74168942B
040   $dCStRLIN$dMH-L
043   $ae-be---
050 0 $aJN5718$b.A7 no. 56$aDH801.H26
082   $a320.9/493/01 s$a949.3/4
245 00$aLiber memorialis Émile Cornez.
260 0 $aLouvain,$bÉditions Nauwelaerts,$c1972.
300   $axiii, 350 p.$billus.$c24 cm.
490 1 $aAnciens pays et assemblées d'états ;$v56
504   $aIncludes bibliographical references.
600 10$aCornez, Émile.
651  0$aHainaut (Belgium)$xHistory.
700 1 $aCornez, Émile.
830  0$aAnciens pays et assemblées d'Etats ;$v56.
988   $a20020608
906   $0RLIN

