LEADER 00991nam a2200289   4500
001 002000582-2
005 20020606093309.7
008 900803s1973    be aj    b    00110 fre  
010   $a   73176435 //r862
015   $aBe***
035 0 $aocm00763919
035 1 $aMAHL90B4408
035 1 $zDCLC73176435B
040   $dMH-L
043   $ae-be---
050 0 $aJN5718$b.A7 no. 61$aCS809.D65
082   $a320.9/493/01 s$a929/.2/09493
100 1 $aDouxchamps, Hervé,$d1943-
245 13$aLa famille Douxchamps;$bhistoire sociale et professionnelle d'une famille namuroise.$cPréf. du prince Alexandre de Merode. Illustré de blasons et de dessins à la plume de l'auteur.
260 0 $aHeule,$bUGA,$c1973.
300   $axxii, 449 p.$billus., geneal. tables.$c24 cm.
490 1 $aAnciens pays et assemblées d'états ;$v61
504   $aBibliography: p. xv-xx.
600 30$aDouxchamps family.
830  0$aAnciens pays et assemblées d'Etats ;$v61.
988   $a20020608
906   $0RLIN

