LEADER 00834nam a2200229 a 4500
001 002000583-0
005 20020606093309.7
008 900803s1981    ctu          s00010 eng d
035 1 $aMAHL90B4416
035 1 $zCTYL83B1442
040   $aCtYL
043   $an-us-ct
110 1 $aConnecticut.$bSuperior Court.
245 10$aAmendments to the rules of practice, Superior Court, Code of professional responsibility, effective October 1, 1981.
260 0 $aEast Hartford, CT :$bState of Connecticut, Commission on Official Legal Publications, Office of Production and Distribution,$cc1981.
300   $aiii, 44 p. ;$c23 cm.
440  0$aConnecticut law journal ;$vvol. 43, no. 4. Supplement A
500   $a"July 28, 1981."
650  0$aCourt rules$zConnecticut.
650  0$aLegal ethics$zConnecticut.
988   $a20020608
906   $0RLIN

