LEADER 00748nam a2200217   4500
001 002000584-9
005 20020606093309.7
008 900803s1972    ua            00010 arar 
010   $a   74200052 $z   72960559 
035 1 $aMAHL90B4423
035 1 $zTXUL12066635B
040   $aDLC$cTxU-L$dTxU-L$dCStRLIN$dMH-L
043   $ama-----
100 1 $aMihannā, Muḥammad Fuʾād.
245 10$aMasūlīyat al-idārah fī tashrīʻāt al-bilād al-ʻArabīyah$c[taʾlīf] Muḥammad Fuʾād Mihannā.
260 0 $a[al-Qāhirah]$bMaʻhad al-Buḥūth wa-al-Dirāsāt al-ʻArabīyah,$c1972.
300   $a303 p.$c24 cm.
504   $aBibliography: p. [289]-293.
650  0$aAdministrative responsibility$zArab countries.
988   $a20020608
906   $0DLC

