LEADER 00921nam a2200229   4500
001 002000585-7
005 20020606093309.7
008 900803s1967    ua h     b    00010 arar 
010   $a   79960072 
035 1 $aMAHL90B4428
040   $cMH-L$dMH-L
043   $aa-iq---
100 1 $aḤasanayn, Muṣṭafá Muḥammad.
245 10$aNiẓām al-masʾūlīyah ʻinda al-ʻashāʾir al-ʻIrāqīyah al-ʻArabīyah al-muʻāṣirah,$ctaʾlīf Muṣṭafā Muḥammad Ḥasanayn.
250   $aal-Ṭabʻah 1.
260 1 $a[al-Qāhirah]$c1967.
300   $a16, 452 p.$bfacsims.$c24 cm.
500   $a"Jaʻaltu mawḍūʻ baḥthī fī al-Duktūrāh ʻan ʻashāʾir al-ʻIrāq al-ʻArabīyah al-muʻāṣirah ... wa-uqaddim fī hādhā al-kitāb al-qism al-thānī min al-baḥth ʻan niẓām al-masʾūlīyah"
504   $aBibliography: p. 417-434.
650  0$aLiability (Law)$zIraq.
988   $a20020608
906   $0RLIN

