LEADER 00818nam a2200277 a 4500
001 002000587-3
005 20020606093309.7
008 900806s1980    ja       l   f00010 eng  
010   $a   83117738 
020   $cY7000
035 1 $aMAHL90B4465
035 1 $zDCLC83117738B
040   $dMH-L
041 1 $aeng$hjpn
043   $aa-ja---
082 0 $a344.52/01/02632$a345.204102632$219
110 1 $aJapan.
245 10$aLabour laws of Japan, 1980 /$c[hensha Rōdōshō].
246 3 $aNihon rōdō hōreishū.
260 0 $aTokyo :$bMinistry of Labour :$bThe Institute of Labour Policy,$cShōwa 55 [1980]
300   $aiii, 772 p. ;$c22 cm.
500   $aColophon title: Nihon rōdō hōreishū.
650  0$aLabor laws and legislation$zJapan.
710 1 $aJapan.$bRōdōshō.
988   $a20020608
906   $0RLIN

