LEADER 00783nam a2200229 a 4500
001 002000588-1
005 20020606093309.7
008 900808s1989    pe            00010 spa  
010   $a   90139509 
035 1 $aMAHL90B4531
035 1 $zDCLC90139509B
040   $aDLC$cDLC$dDLC$dMH-L
050 00$aK3165.A57$bF47 1984 Vol. 2
100 2 $aFerrero R., Raúl$q(Ferrero Rebagliati),$d1911-1977.
245 10$aDerecho internacional :$btercer mundo, temas de derecho internacional /$cRaúl Ferrero.
260 0 $aLima :$b[s.n.],$c1989$e(Lima :$fAusonia)
300   $a648 p. ;$c21 cm.
490 1 $aObras completas / Raúl Ferrero ;$v2
650  0$aInternational law.
800 2 $aFerrero R., Raúl$q(Ferrero Rebagliati),$d1911-1977.$tWorks.$f1984 ;$v2.
988   $a20020608
906   $0DLC

