LEADER 01004nam a2200289 a 4500
001 002000589-X
005 20070828133552.0
008 900808s1989    pe            00010 spa  
010   $a   90139578 
035 1 $aMAHL90B4532
035 1 $zDCLC90139578B
040   $aDLC$cDLC$dMH-L
050 00$aK3165.A57$bF47 1984
100 2 $aFerrero R., Raúl$q(Ferrero Rebagliati),$d1911-1977.
240 10$aDerecho constitucional
245 00$aDerecho constitucional : Derecho del trabajo /$cRaúl Ferrero.
246 3 $aDerecho constitucional.
246 3 $aDerecho del trabajo.
260 0 $aLima :$b[s.n.],$c1989$e(Lima :$fAusonia)
300   $a490 p. ;$c21 cm.
490 1 $aObras completas / Raul Ferrero ;$v3
650  0$aConstitutional law.
650  0$aLabor laws and legislation.
700 22$aFerrero R., Raúl$q(Ferrero Rebagliati),$d1911-1977.$tDerecho del trabajo.$f1989.
800 2 $aFerrero R., Raúl$q(Ferrero Rebagliati),$d1911-1977.$tWorks.$f1984 ;$v3.
988   $a20020608
906   $0DLC

