LEADER 00680cam a2200217 a 4500
001 002000590-3
005 20020606093309.7
008 900808s1989    pe            00010 spa d
035 1 $aMAHL90B4534
040   $aMH-L$cMH-L
043   $as-pe---
100 2 $aFerrero R., Raúl$q(Ferrero Rebagliati),$d1911-1977.
245 10$aDerecho y economía /$cRaúl Ferrero.
260 0 $aLima :$b[s.n.],$c1989$e(Lima :$fAusonia)
300   $a526 p. ;$c21 cm.
490 1 $aObras completas / Raúl Ferrero ;$v4
650  0$aLaw$zPeru.
651  0$aPeru$xEconomic conditions.
800 2 $aFerrero R., Raúl$q(Ferrero Rebagliati),$d1911-1977.$tWorks.$f1984 ;$v4.
988   $a20020608
906   $0MH

