LEADER 01194cam a2200277 a 4500
001 002000591-1
005 20020606093309.7
008 900809s1990    gw       b    00110 ger d
020   $a3406343155
035 1 $aMAHL90B4552
040   $aMH-L$cMH-L
043   $ae-gw---
100 1 $aSchwab, Karl Heinz.
245 10$aSchiedsgerichtsbarkeit :$bsystematischer Kommentar zu den Vorschriften der Zivilprozessordnung, des Arbeitsgerichtsgesetzes, der Staatsverträge und der Kostengesetze über das privatrechtliche Schiedsgerichtsverfahren /$cvon Karl Heinz Schwab und Gerhard Walter, unter Mitarbeit von Wolfgang Bosch.
250   $a4., völlig neu bearbeitete Aufl. des von Adolf Baumbach begründeten Werks.
260 0 $aMünchen :$bBeck,$c1990.
300   $axxxiii, [i], 634 p. ;$c23 cm.
500   $aIncludes index.
504   $aIncludes bibliographical references (p. xviii-[xxxiv]).
650  0$aArbitration and award$zGermany (West)
650  0$aArbitration, Industrial$zGermany (West)
700 1 $aBaumbach, Adolf,$d1874-1945.$tDas privatrechtliche Schiedsgerichtsverfahren.
700 1 $aWalter, Gerhard,$d1949-
700 1 $aBosch, Wolfgang.
988   $a20020608
906   $0MH

