LEADER 01433nam a2200289 a 4500
001 002000592-X
005 20020606093309.7
008 900809s1977    vaua     b   f00010 eng d
035 0 $aocm21714907
035 1 $aMAHL90B4562
035 1 $zCUBG20516118B
040   $aCU$cCU$dMH-L
043   $an-us---
245 00$aEvaluation of child abuse and neglect demonstration projects, 1974-1977 /$cBerkeley Planning Associates, Calif.
260 0 $a[Springfield, Va.] :$bU. S. Dept. of Commerce, National Technical Information Service,$c[1977]
300   $a12 v. :$bill. ;$c28 cm.
500   $aCover title.
500   $a"Dec 77."
500   $aPrepared for National Center for Health Services Research.
500   $aPB-278 438-PB-278 449.
504   $aIncludes bibliographies.
505 0 $av. 1. Executive summary.--v. 2. Summary.--v. 3. Adult client impact.--v. 4. A comparative description of the eleven projects.--v. 5. Community systems impact.--v. 6. Quality of the case management process.--v. 7. Cost; final report.--v. 8. Methodology.--v. 9. Project management and worker burnout.--v. 10. A guide for planning and implementing.--v. 11. Child client impact.--v. 12. Eleven historical case studies: final report.
650  0$aAbused children$xServices for$zUnited States$xEvaluation.
710 2 $aBerkeley Planning Associates.
710 2 $aNational Center for Health Services Research.
988   $a20020608
906   $0RLIN

