LEADER 01759cam a2200385 a 4500
001 002000593-8
005 20020531092321.0
008 900813s1988    cc      |    f00010 chi  
010   $a89191869 /ACN
020   $a7810110373 :$cRMBY1.25
035 0 $aocm22120670
035 1 $aMAHL90B4587
035 1 $zDCLP89B21637
040   $dMH-L$dUPRA$dCStRLIN
050 0 $aJX3695.C5$bC482 1988
100 1 $6880-01$aZhang, Wenqing.
245 10$6880-02$aGuo ji fa zong lun /$cZhang Wenqing bian xie.
250   $6880-03$aDi 1 ban.
260   $6880-04$aBeijing :$bZhongguo ren min gong an da xue chu ban she :$bXin hua shu dian Beijing fa xing suo fa xing,$c1988.
300   $a8, 192 p. ;$c19 cm.
500   $6880-05$aIncludes: Zhonghua Renmin Gongheguo guo ji fa, Zhonghua Renmin Gongheguo wai guo ren ru jing chu jing guan li fa, and Zhonghua Renmin Gongheguo wai jiao Tequan yu huo mian tiao li.
650  0$aInternational law.
710 12$6880-06$aChina.$tGuo ji fa.$f1988.
710 12$6880-07$aChina.$tWai guo ren ru jing chu jing guan li fa.$f1988.
710 12$6880-08$aChina.$tWai jiao Tequan yu huo mian tiao li.$f1988.
880 1 $6100-01$a张文清.
880 10$6245-02$a国际法总论 /$c张文清编写.
880   $6250-03$a第1版.
880   $6260-04$a北京 :$b中国公安大学出版社 :$b新华書店北京发行所发行,$c1988.
880   $6500-05$aIncludes: 中华人民共和国国际法, 中华人民共和国外国人入境出境管理法, 中华人民共和国外交特权与豁免条例.
880 12$6710-06$aChina.$t国际法.$f1988.
880 12$6710-07$aChina.$t外国人入境出境管理法.$f1988.
880 12$6710-08$aChina.$t外交特权与豁免条例.$f1988.
988   $a20021101
906   $0RLIN

