LEADER 00947cam a2200277 a 4500
001 002000594-6
005 20020531092321.0
008 900813s1988    cc            00010 chi  
010   $a89202592 /ACN
020   $a7800040216 :$cRMBY5.80
035 1 $aMAHL90B4588
035 1 $zDCLP90B534
040   $dMH-L$dUPRA$dCStRLIN
050 0 $aK3943$b.W36 1988
100 1 $6880-01$aWang, Chengbin.
245 10$6880-02$aGuo ji jing ji mao yi fa /$cWang Chengbin bian zhu.
250   $6880-03$aDi 1 ban.
260   $6880-04$aBeijing :$bZhongguo dui wai jing ji mao yi chu ban she :$bXin hua shu dian Beijing fa xing suo fa xing,$c1988.
300   $a3, 4, 462 p. ;$c21 cm.
650  0$aForeign trade regulation.
880 1 $6100-01$a王承斌.
880 10$6245-02$a国际经済贸易法 /$c王承斌编著.
880   $6250-03$a第1版.
880   $6260-04$a北京 :$b中国対外经済贸易出版社,$c1988.
988   $a20021101
906   $0RLIN

