LEADER 01364nam a2200337 a 4500
001 002000595-4
005 20020606093309.7
008 900817s1988    enk      bc  f00000 eng  
010   $a   90145602 
035 0 $aocm21560597
035 1 $aMAHL90B4691
035 1 $zDCLC90145602B
040   $aDLC$cDLC$dMH-L
043   $ae-uk---
050 00$aCD1053$b1988
082 00$a018$220
245 00$aAdmiralty, Transport Dept., correspondence, and papers (MT 23) :$bindex /$cPublic Record Office.
260 0 $aKew, Richmond, Surrey :$bList and Index Society, Public Record Office,$c1988.
300   $a309 p. ;$c30 cm.
490 1 $aList & Index Society ;$vv. 228
500   $a"Completes vols. 214, 215 and 227."
610 10$aGreat Britain.$bMinistry of Transport.$bAdmiralty Transport Department$vCatalogs.
610 10$aGreat Britain.$bPublic Record Office$vCatalogs.
650  0$aShipping$zGreat Britain$xHistory$xSources$xBibliography$vCatalogs.
650  0$aWorld War, 1914-1918$xNaval operations, British$xSources$xBibliography$vCatalogs.
651  0$aGreat Britain$xCommerce$xHistory$xSources$xBibliography$vCatalogs.
710 1 $aGreat Britain.$bMinistry of Transport.$bAdmiralty Transport Department.
710 1 $aGreat Britain.$bPublic Record Office.
830  0$aList & Index Society (Series) ;$vv. 228.
988   $a20020608
906   $0DLC

