LEADER 01042cam a2200313 a 4500
001 002000596-2
005 20020531092321.0
008 900821s1984    cc       l    00000 chi  
010   $a84253479 /ACN
020   $cRMBY2.80
035 0 $aocm15400076
035 1 $aMAHL90B4736
035 1 $zDCLP85B3741
040   $dMH-L$dUPRA$dCStRLIN
043   $aa-cc---
050 0 $aLAW <PRC CV 023 1984>
245 00$6880-01$aGuo ji si fa zi liao xuan bian /$cFa xue jiao cai bian ji bu "Guo ji si fa" bian xie zu.
250   $6880-02$aDi 1 ban.
260   $6880-03$a[Peking] :$bFa lü chu ban she :$bXin hua shu dian fa xing,$c1984.
300   $a8, 642 p. ;$c21 cm.
500   $a"Gao deng xue xiao jiao xue can kao shu."
500   $aIncludes legislation.
650  0$aConflict of laws$zChina.
710 2 $aFa xue jiao cai bian ji bu.$b"Guo ji si fa" bian xie zu.
880 00$6245-01$a国际私法资料选编.
880   $6250-02$a第1版.
880   $6260-03$a[Peking] :$b法律出版社,$c1984.
988   $a20021101
906   $0RLIN

