LEADER 01071cam a2200301 a 4500
001 002000597-0
005 20024617104250.0
008 890706s1987    cc            000 0 chi  
010   $a89149585 /ACN
020   $a7800040011 :$cRMBY2.30
035 0 $aocm22311225
035 1 $aMAHL90B4737
035 1 $zDCLP89B14589
040   $aDLC$cDLC$dMH-HY$dCStRLIN
050 0 $aLAW
100 1 $6880-01$aDing, Jianzhong.
245 10$6880-02$aGuo ji mao yi he tong di tan pan yu di yue /$cDing Jianzhong bian zhu.
250   $6880-03$aDi 1 ban.
260   $6880-04$aBeijing :$bZhongguo dui wai mao yi chu ban she :$bXin hua shu dian Beijing fa xing suo fa xing,$c1987.
300   $a2, 2, 331 p. ;$c19 cm.
650  0$aExport sales contracts.
650  0$aNegotiation in business.
880 1 $6100-01$a丁建忠.
880 10$6245-02$a国际貿易合同的谈判与缔约 /$c丁建忠编著.
880   $6250-03$a第1版.
880   $6260-04$a北京 :$b中國对外经濟贸易出版社 :$b新华书店北京发行所发行,$c1987.
988   $a20021127
906   $0DLC

