LEADER 00936cam a2200289 a 4500
001 002000598-9
005 20020531092321.0
008 900821s1986    cc k     b    00000 chi  
010   $a88119514 /ACN
020   $cRMBY2.95
035 0 $aocm18871494
035 1 $aMAHL90B4738
035 1 $zDCLP88B6415
040   $dMH-L$dUPRA$dCStRLIN
050 0 $aHG3891.5$b.K85 1986
245 00$6880-01$aGuo ji xin dai /$cLiu Shunian zhu bian.
250   $6880-02$aDi 1 ban.
260   $6880-03$aBeijing :$bZhongguo dui wai jing ji mao yi chu ban she :$bXin hua shu dian Beijing fa xing suo fa xing,$c1986.
300   $a4, 463 p. :$bform ;$c19 cm.
504   $aBibliography: p. 461-463.
650  0$aLoans, Foreign.
700 1 $aLiu, Shunian.
880 00$6245-01$a国际信贷 /$c刘舒年主编.
880   $6250-02$a第1版.
880   $6260-03$a北京 :$b中国対外经済贸易出版社,$c1986.
988   $a20021101
906   $0RLIN

