LEADER 01097cam a2200325 a 4500
001 002000599-7
005 20020531092321.0
008 900821s1981    cc       b    00010 chi  
010   $a83100723 /ACN/r86
035 0 $aocm15391134
035 1 $aMAHL90B4739
035 1 $zNYCO84B2275
040   $aNIC$cNIC$dDLC$dMH-L$dUPRA$dCStRLIN
050 0 $aJX3695.C5$bK6 1981
245 00$6880-01$aGuo ji fa /$cFa xue jiao cai bian ji bu shen ding ; zhu bian Wang Tieya ; fu zhu bian Wei Min ; zhuan gao ren Wang Keju ... [et al.].
250   $6880-02$aDi 1 ban.
260   $6880-03$aBeijing :$bFa lu chu ban she :$bXin hua shu dian fa xing,$c1981.
300   $a2, 12, 568 p. ;$c21 cm.
500   $a"Gao deng xue xiao fa xue jiao cai."
504   $aIncludes bibliographical references.
650  0$aInternational law.
700 1 $aWang, Tieya.
700 1 $aWei, Min.
700 1 $aWang, Keju.
710 2 $aFa xue jiao cai bian ji bu.
880 00$6245-01$a国际法.
880   $6250-02$a第1版.
880   $6260-03$a北京 :$b法律出版社,$c1981.
988   $a20021101
906   $0RLIN

