LEADER 00929cam a2200289 a 4500
001 002000600-4
005 20024617104250.0
008 890913s1987    cc            000 0 chi  
010   $a89174493 /ACN
020   $a7503602066 :$cRMBY1.25
035 0 $aocm21292644
035 1 $aMAHL90B4740
035 1 $zDCLP89B18854
040   $aDLC$cDLC$dMH-HY$dCStRLIN
050 0 $aJX3695.C5$bL46 1987
100 1 $6880-01$aLi, Jiashan.
245 10$6880-02$aGuo ji fa xue shi xin lun /$cLi Jiashan zhu.
250   $6880-03$aDi 1 ban.
260   $6880-04$a[Peking] :$bFa lü chu ban she :$bXin hua shu dian fa xing,$c1987.
300   $a183 p. ;$c19 cm.
650  0$aInternational law$xHistory.
880 1 $6100-01$a李家善.
880 10$6245-02$a国际法学史新论 /$c李家善著.
880   $6250-03$a第1版.
880   $6260-04$a[Peking] :$b法律出版社 :$b新华书店发行,$c1987.
988   $a20021127
906   $0DLC

