LEADER 01763cam a22003615a 4500
001 002000601-2
005 20020531092321.0
008 900821s1988    cc       l   f00010 chi  
010   $a90147831 /ACN
020   $z7562000707 :$cRMBY1.20
020   $a7562000700 (cover)
035 1 $aMAHL90B4741
035 1 $zDCLP90B10594
040   $dMH-L$dUPRA$dCStRLIN
043   $aa-cc---
100 1 $6880-01$aDong, Chunjiang.
245 10$6880-02$aLao gai jian cha gai lun /$cDong Chunjiang, Cai Bosong, Zhang Yong'en zhu.
260   $6880-03$a[Peking] :$bZhongguo zheng fa da xue chu ban she :$bFa xing Xin hua shu dian shou du fa xing suo,$c1988.
300   $av, 190 p. ;$c19 cm.
500   $aCover title also in pinyin: Laogai jiancha gailun.
500   $aIncludes: Ren min jian cha yuan lao gai jian cha gong zuo xi ze (shi xing) ; Ren min jian cha yuan xing shi jian cha gong zuo xi ze ; Ren min jian cha yuan zhi jie shou li zhen cha di xing shi an jian ban an cheng xu (shi xing).
650  0$aForced labor$zChina.
700 1 $aCai, Bosong.
700 1 $aZhang, Yong'en.
710 12$aChina.$bZui gao ren min jian cha yuan.$tRen min jian cha yuan lao gai jian cha gong zuo xi ze (shi xing).$f1988.
710 12$aChina.$bZui gao ren min jian cha yuan.$tRen min jian cha yuan xing shi jian cha gong zuo xi ze.$f1988.
710 12$aChina.$bZui gao ren min jian cha yuan.$tRen min jian cha yuan zhi jie shou li zhen cha di xing shi an jian ban an cheng xu (shi xing).$f1988.
740 0 $aLaogai jiancha gailun.
880 1 $6100-01$a董春江.
880 10$6245-02$a劳改检察槪论 /$c董春江著.
880   $6260-03$a[北京] :$b中国政法大学出版社 :$b发行新华書店首都发行所,$c1988.
988   $a20021101
906   $0RLIN

