LEADER 00875cam a2200253 a 4500
001 002000602-0
005 20020531092321.0
008 900821s1985    cc       l    00000 chi  
010   $a87150791 /ACN
035 1 $aMAHL90B4742
035 1 $zDCLP88B8466
040   $dMH-L$dUPRA$dCStRLIN
043   $aa-cc---
050 0 $aLAW <PRC CM 178 1985>
245 00$6880-01$aZhonghua Renmin Gongheguo wai hui guan li zhan xing tiao li ji you guan shi xing xi ze.
250   $6880-02$aDi 1 ban.
260   $6880-03$a[Peking] :$bFa lü chu ban she :$bXin hua shu dian fa xing,$c1985.
300   $a39 p. ;$c19 cm.
650  0$aForeign exchange$xLaw and legislation$zChina.
880 00$6245-01$a中华人民共和国外汇管理暫行条例有关施行細则.
880   $6250-02$a第1版.
880   $6260-03$a[Peking] :$b法律出版社,$c1985.
988   $a20021101
906   $0RLIN

