LEADER 00776nam a2200265 a 4500
001 002000603-9
005 20020606093309.7
008 900821s1988    ja       b    00110 jpn  
010   $a   90107199 /AJ
020   $a4335350899
035 1 $aMAHL90B4743
035 1 $zDCLP90B3082
040   $dMH-L
043   $aa-ja---$an-us---
100 1 $aTanase, Takao.
245 10$aHonnin soshō no shinri kōzō :$bshiteki jichi no saiban moderu /$cTanase Takao cho.
250   $aShohan.
260 0 $aTōkyō :$bKōbundō,1988.
300   $ax, 325, v p. ;$c22 cm.
504   $aIncludes bibliographical references.
650  0$aSmall claims courts$zJapan.
650  0$aSmall claims courts$zUnited States.
650  0$aDispute resolution (Law)
988   $a20020608
906   $0RLIN

