LEADER 01707cam a2200409 a 4500
001 002000604-7
005 20024617110316.0
008 910409m19889999cc a     l    000 0 chi  
010   $a90143352 /ACN/r91
020   $a7502305092
035 0 $aocm30075154
035 0 $aocm30075154$zocm22671964
035 1 $aMAHL90B4780
035 1 $zCSUO89B2733
040   $aDLC$cDLC$dOCoLC$dMH-HY$dCStRLIN
043   $aa-cc---
050 0 $aLAW
245 00$6880-01$aKe ji li fa yan jiu wen ji /$cGuo jia ke wei ke ji zheng ce ju, Shanghai she hui ke xue yuan fa xue suo bian.
250   $6880-02$aBeijing di 1 ban.
260   $6880-03$a[Peking] :$bKe xue ji shu wen xian chu ban she,$c1988-
300   $av. :$bill. ;$c19 cm.
500   $aAuthor statement on v. 2: Guo jia ke wei zheng ce fa gui si, Shanghai she hui ke xue yuan fa xue suo.
504   $aIncludes bibliographical references and legislation.
650  0$aTechnological innovations$xLaw and legislation$zChina.
650  0$aTechnology and law.
650  0$aScience and law.
710 1 $6880-04$aChina.$bGuo jia ke wei.$bKe ji zheng ce ju.
710 1 $6880-05$aChina.$bGuo jia ke wei.$bZheng ce fa gui si.
710 2 $6880-06$aShanghai she hui ke xue yuan.$bFa xue yan jiu suo.
880 00$6245-01$a科技立法研究文集 /$c国家科委科技政策局, 上海社会科学院法学所 编.
880   $6250-02$a北京第1版.
880   $6260-03$a[Peking] :$b科学技术文献出版社,$c1988-
880 1 $6710-04$aChina.$b国家科委.$b科技政策局.
880 1 $6710-05$aChina.$b国家科委.$b政策法规司.
880 2 $6710-06$a上海社会科学院.$b法学硏究所.
988   $a20021105
906   $0DLC

