LEADER 01010nam a2200301 a 4500
001 002000605-5
005 20020606093309.7
008 900822s1981    iq       b    00010 arao 
010   $a   83111702 /NE
035 1 $aMAHL90B4798
035 1 $zCUBG84B20969
040   $cCU$dCU$dMH-L
041 0 $aara$beng
043   $aa-iq---
050 0 $aK5000$b.A97 1981
100 1 $aAʻẓamī, Saʻd Ibrāhīm.
245 10$aJarāʾim al-tajassus fī al-tashrīʻ al-ʻIrāqī :$b"dirāsah muqāranah" /$cSaʻd Ibrāhīm al-Aʻẓamī.
260 0 $a[S.l. :$bs.n.],$c1981$e([al-Mawṣil] :$fMaṭābiʻ Muʾassasat Dār al-Kutub lil-Ṭibāʻah wa-al-Nashr, Jāmiʻat al-Mawṣil)
300   $a326 p. ;$c24 cm.
500   $aSummary in English.
500   $aThesis (Mājistīr)-- Jāmiʻat Baghdād, Baghdad, 1980.
504   $aBibliography: p. 303-318.
650  0$aCriminal law.
650  0$aCriminal jurisdiction.
650  0$aEspionage.
650  0$aEspionage$zIraq.
988   $a20020608
906   $0RLIN

