LEADER 01697nam a2200313 a 4500
001 002000606-3
005 20020606093309.7
008 900828s1980    fr           i00010 eng d
035 0 $aocm22672412
035 1 $aMAHL90B4879
035 1 $zNYCX82B21919
040   $aNIC$cNIC$dMH-L
043   $ae-uk---
110 2 $aEuropean Commission of Human Rights.
245 10$aApplications nos. 5947/72, 6205/73, 7052/75, 7061/75, 7107/75, 7113/75 and 7136/75 :$bSilver and others (seven cases concerning censorship of prisoners' correspondence) against the United Kingdom : report of the Commission (adopted on 11 October 1980) /$cEuropean Commission of Human Rights.
246 3 $aSilver and others v. United Kingdom.
246 3 $aSeven cases concerning censorship of prisoners' correspondence.
260 0 $aStrasbourg [France] :$bCouncil of Europe,$c1980.
300   $a5 v. ;$c29 cm.
500   $aSpine title: Silver and others v. United Kingdom.
500   $aAppendix 5 and 6 "not accessible" to public.
500   $aReport and Appendix 1-2 reissued in Publications de la Cour européenne des droits de l'homme, Série B, v. 51.
505 0 $a[v. 1] The report. Appendix 1, History of proceedings. Appendix 2, Decisions on admissibility.--[v. 2] Appendix 3, The censored letters.--[v. 3] Appendix 4, The relevant domestic law and practice directions.--[v. 4] Appendix 5, Friendly settlement.--[v. 5] Appendix 6, Proposals (Art. 31(3)).
600 10$aSilver, Reuben,$d1915-$xTrials, litigation, etc.
650  0$aCensorship$zGreat Britain$xCases.
650  0$aPrisoners' writings$xCensorship$zGreat Britain$xCases.
700 1 $aSilver, Reuben,$d1915-
988   $a20020608
906   $0RLIN

