LEADER 00875nam a2200217 a 4500
001 002000607-1
005 20020606093309.7
008 900803s1810    gw g    a     00000bger d
035 0 $aocm22457573
035 1 $aMAHSISB000487
040   $aMH-Mu$cMH-Mu
100 1 $aArnold, Ignaz Theodor Ferdinand Cajetan,$d1774-1812.
245 10$aJoseph Haydn, seine kurze Biographie und äesthetische Darstellung seiner Werke$h[microform] :$bBildungsbuch für junge Tonkünstler : Seitenstück zu Mozarts Geist, von demselben Verfasser.
260 0 $aErfurt :$bbei Johann Carl Müller,$c1810.
300   $a272 p. :$bmusic.
500   $aOriginal in the Library of Congress, Washington (US:Wc), shelf-mark ML410.H4A8.
600 10$aHaydn, Joseph,$d1732-1809.
600 10$aMozart, Wolfgang Amadeus,$d1756-1791.$4asn
650  0$aComposers$zAustria$vBiography.
988   $a20020608
906   $0MH

