LEADER 00709cam a2200205 a 4500
001 002000608-X
005 20020606093309.7
008 880224s1977    xx g    ab    00010 eng d
035 0 $aocm05530461
035 1 $aMAHSISS000137
040   $aMH-Mu$cMH-Mu
100 1 $aHancock, Virginia.
245 10$aBrahms and his library of early music$h[microform] :$bthe effects of his study of Renaissance and Baroque music on his choral writing /$cby Virginia Lee Hancock.
260 1 $c[1977]
300   $avii, 327 leaves :$bmusic.
502   $aThesis (Ph. D.)--University of Oregon, 1977.
504   $aBibliography: leaves 317-327.
600 10$aBrahms, Johannes,$d1833-1897.$tChoral music.
988   $a20020608
906   $0MH

