LEADER 01023ncm a2200253 a 4500
001 002000609-8
005 20020606093309.7
008 900803s1693    gw tsz  a      n 1  ger d
035 0 $aocm22457580
035 1 $aMAHSISS000485
040   $aMH-Mu$cMH-Mu
100 1 $aKrieger, Johann Philipp,$d1649-1725.
240 10$aTrio sonatas,$mviolin, viola da gamba, continuo,$nop. 2
245 00$aXII. Suonate à doi, violino e viola da gamba$h[microform] :$bopera seconda /$cdi Giouanni Filipo Kriegher.
260 0 $aStampata in Noriberga :$balle Spese di Guolfgango Maurizio Endter,$c1693.
300   $a3 parts (3 v.)
500   $aParts for: vl, vla da gamba, bc.fig (cemb).
500   $aTitle from t.p. of bc.fig part.
500   $aContains 12 trio sonatas (C; d; e; F; G; a; B♭; g; g; A; D; D).
500   $aOriginal in the Zentralbibliothek, Zürich (CH:Zz), shelf-mark AMG XIII 145.
510 4 $aRISM$cA/I, K 2457.
650  0$aTrio sonatas (Violin, viola da gamba, continuo)$xParts.
988   $a20020608
906   $0MH

