LEADER 00810ncm a22002651  4500
001 002000610-1
005 20030717113647.0
008 900801s1929    enkpta         n 0  eng d
035 0 $aocm83308610
035 1 $aMAHSRC18153C
040   $aMH-Mu$cMH-Mu
045 0 $bd1612
048   $aca04$atc01
100 1 $aDowland, John,$d1563?-1626.
240 10$aPilgrimes solace.$pDisdaine me still that I would ever love
245 10$aDisdain me still,$bfrom "A pilgrimes solace" London 1612. [For SATB]
260 0 $aLondon,$bOxford University Press,$cc1929.
300   $aScore (6 p.)
490 0 $aEuterpe,$v18
500   $aWith lute accompaniment.
500   $aCaption title.
650  0$aPart songs, English.
650  0$aChoruses, Secular (Mixed voices, 4 parts) with lute.
988   $a20020608
906   $0MH

