LEADER 00731ncm a2200217   4500
001 002000611-X
005 20020606093309.7
008 900801q18301839enkmua         n 0  eng d
035 0 $aocm78342849
035 1 $aMAHSRC18200C
040   $aMH-Mu$cMH-Mu
047   $acc$aan
100 1 $aDorrell, William,$d1810-1896.
245 10$aSacred music,$bconsisting of an anthem, psalms, chants, Kyrie eleesons &c., composed in score for three & four voices with an accompaniment for the organ or piano forte.
260 0 $aLondon,$bDuff$c[183-]
300   $aScore (18 p.)$c35 cm.
650  0$aGlees, catches, rounds, etc.
650  0$aAnglican chants.
650  0$aChoruses, Sacred, with keyboard instrument.
988   $a20020608
906   $0MH

