LEADER 01274ccm a2200349   4500
001 002000612-8
005 20070223124641.0
008 900806s1954    au dfz         n 0       
010   $a   57001379 /M
028 30$a12247$bUniversal Edition
035 0 $aocm22457582
035 1 $aMAHSRC18213C
040   $aDLC$cNcGU$dOCoLC$dCU$dCStRLIN$dMH-Mu
045 0 $bd1604
048   $atb01
050   $aM129.D
100 1 $aDowland, John,$d1563?-1626.
240 10$aPiper's galliard;$oarranged
245 00$a2 Galliarden,$caus der Lautentabulatur übertragen und für die Gitarre bearb. von Karl Scheit.
260 0 $aWien,$bUniversal Edition$c[c1954]
300   $aScore (3 p.)$c31 cm.
440  0$aMusik für Gitarre
500   $a"Aus Lachrimae, or Seaven teares figured in seaven passionate pavans, with divers other pavans, galiards, and almands ... 1605."
500   $aUniversal Edition, 12247.
505 0 $aCaptaine Digori Piper's galiard -- The king of Denmark's galiard.
650  0$aGalliards, Arranged.
650  0$aGuitar music, Arranged.
700 1 $aScheit, Karl,$d1909-1993.
700 12$aDowland, John,$d1563?-1626.$tKing of Denmark his galliard;$oarranged.
830  0$aMusik für Gitarre (Vienna, Austria)
988   $a20020608
906   $0DLC

