LEADER 01043ccm a22003011  4500
001 002000613-6
005 20070223124627.0
008 900803s1956    au dfz         n 0      d
028 30$a12472$bUniversal Edition
035 0 $aocm05197604
035 1 $aMAHSRC18214C
040   $aMH-Mu$cMH-Mu
100 1 $aDowland, John,$d1563?-1626.
240 10$aMellancoly galliard;$oarranged
245 10$aMelancholy galliard, and Allemande [My Lady Hunssdon's puffe]$cAus der Lautentabulatur übertragen und für die Gitarre bearbeitet von Karl Scheit.
246 3 $aAllemande
260 0 $aWien,$bUniversal Edition$c[c1956]
300   $aScore (5 p.)
490 1 $aMusik für Gitarre
500   $aUniversal Edition, 12472.
500   $aFor guitar; originally lute tablatures.
650  0$aGuitar music, Arranged.
650  0$aDance music.
700 1 $aScheit, Karl,$d1909-1993.
700 12$aDowland, John.$d1563?-1626.$tMy Lady Hunsdons allmande;$oarranged.
830  0$aMusik für Gitarre (Vienna, Austria)
988   $a20020608
906   $0MH

