LEADER 01531ccm a2200325 i 4500
001 002000614-4
005 20020606093309.7
008 900807s1975    ctumua         n 1      d
020   $a0913334316
028 32$aCM 1036$bConsort Music
035 0 $aocm05958551
035 1 $aMAHSRC18215C
040   $aNhPlS$cNhPlS$dm.c.$dFTaSU$dCStRLIN$dMH-Mu
045   $au1u1
047   $apv$adf
048   $awh05
100 1 $aDowland, John,$d1563?-1626.
240 10$aMr. John Langtons pavan;$oarranged
245 10$aPavan (a 5) /$cJohn Dowland. Galliard (a 5) / Thomas Simpson : from the Opusculum, 1610 : for soprano, alto, alto or tenor, tenor, and bass recorders, or other instrumental combinations / transcribed and edited by William E. Hettrick.
260 0 $aSharon, Conn. :$bConsort Music,$c[c1975]
300   $ascore (10 p.)$bfacsim. ;$c28 cm.
440  0$aRenaissance recorder ;$v7
500   $aThe pavan by Dowland is transposed and slightly more ornate melodically than the original version, printed in the composer's Lachrimae (London : J. Windet, [1604]), and entitled M. John Langton's pavan.--Cf. Editor's preface.
500   $a"This edition is based on the only complete extant copy of the Opusculum, found in the Staats- und Universitätsbibliothek of Hamburg, Germany."
650  0$aDance music$zEngland.
650  0$aWoodwind quintets (Recorders (5))$vScores.
700 1 $aHettrick, William E.
700 12$aSimpson, Thomas,$dactive 1610-1625.$tGalliard,$mvoices (5).
988   $a20020608
906   $0RLIN

