LEADER 00752ccm a22002531  4500
001 002000615-2
005 20030717113827.0
008 900801s1929    enkpta         n 0  eng d
035 0 $aocm22457584
035 1 $aMAHSRC18216C
040   $aMH-Mu$cMH-Mu
045 0 $bd1612
048   $aca04$atc01
100 1 $aDowland, John,$d1563?-1626.
240 10$aPilgrimes solace.$pShall I strive with words to move?
245 10$aShall I strive with words to move?$bfrom 'A pilgrimes solace.' London 1612 [For SATB]
260 0 $aLondon,$bOxford University Press,$cc1929.
300   $aScore (6 p.)
490 0 $aEuterpe,$v19
500   $aCaption title.
500   $aWith lute accompaniment.
650  0$aPart songs, English.
988   $a20020608
906   $0MH

