LEADER 02319ccm a22003971i 4500
001 002000616-0
005 20020606093309.7
008 900801m19241925enksga   hi    n 0  eng c
010   $aac 38003675 /r45
028 20$aSt. & B. 2987$bStainer & Bell
028 20$aSt. & B. 3139$bStainer & Bell
035 0 $aocm03346570
035 1 $aMAHSRC18221C
040   $aCU$cCU$dNNU$dMH-Mu
041 0 $geng
045 0 $bd1612
048   $avn01$atc01
048   $avn01$aka01
050 0 $aM2$b.F42 vol.12,14
082   $a784.8
100 1 $aDowland, John,$d1563?-1626.
245 12$aA pilgrimes solace :$bfourth book of airs (1612).
260 0 $aLondon :$bStainer & Bell,$c[1924-25]
300   $ascore (2 v.) & 2 parts ;$c28 cm.
440  0$aEnglish school of lutenist song writers ;$v[12, 14]
500   $aPaged continuously.
500   $aWith reproduction of t.-p., dedication and preface from the original edition.
500   $aVol. 2 has subtitle: And three songs included in A musicall banqvet, 1610
500   $aPrincipally for solo voice (originally for four voices). Two versions are given for most of the songs: one with original lute accompaniment in modern notation and in tablature, and one with accompaniment arranged for piano. Nos. 9-11 were to be accompanied by lute, treble and bass viols. The parts for violin (viol) and violoncello (viol de gamba) are laid in. A composition for lute solo of the original edition is omitted.
500   $aVol. 2 contains the 3 songs from A musicall banquet (1610).
500   $aPublisher's plate nos: St & B. 2987, 3139.
505 0 $apt. I. Disdain me still. Sweet, stay awhile. To ask for all thy love. Love those beams that breed. Shall I strive with words to move? Were every thought an eye. Stay, time, awhile thy flying. Tell me, true love. Go, nightly cares. From silent night. Lasso vita mia.--pt. II. In this trembling shadow cast. If that a sinner's sighs. Thou mighty God. Where sin sore wounding. My heart and tongue were twins. Up, merry mates, to Neptune's praise. Welcome, black night. Cease these false sports. Three songs from A musicall banqvet : Far from triumphing court ; Lady, if you so spite me ; In darkness let me dwell.
650  0$aSongs with piano.
650  0$aSongs with lute.
988   $a20020608
906   $0RLIN

