LEADER 00872ncm a22002651  4500
001 002000617-9
005 20030717113832.0
008 900801s1929    enkpta         n 0  eng d
035 0 $aocm80617070
035 1 $aMAHSRC18222C
040   $aMH-Mu$cMH-Mu
045 0 $bd1612
048   $aca04$atc01
100 1 $aDowland, John,$d1563?-1626.
240 10$aPilgrimes solace.$pStay time a while thy passing
245 10$aStay time, awhile thy flying;$bfrom "A pilgrimes solace, wherein is contained musicall harmonie of 3, 4 and 5 parts." London 1612. [For SATB]
260 0 $aLondon,$bOxford University Press,$cc1929.
300   $aScore (4 p.)
490 0 $aEuterpe,$v21
500   $aWith lute accompaniment.
500   $aCaption title.
650  0$aPart songs, English.
650  0$aChoruses, Secular (Mixed voices, 4 parts) with lute.
988   $a20020608
906   $0MH

