LEADER 01086ccm a22003251i 4500
001 002000618-7
005 20071015200408.0
008 900801s1970    enkmua         n 0  eng d
035 0 $aocm00343633
035 1 $aMAHSRC18223C
040   $aCU$cCU$dMH-Mu
045 0 $bd1612
047   $apt$asg
048   $avn01$atc01
050   $aM2$b.E64 no. 18
100 1 $aDowland, John,$d1563?-1626.
240 10$aPilgrimes solace
245 02$aA pilgrimes solace, 1612 /$cedited by Diana Poulton.
260 0 $aMenston, Eng. :$bScolar Press,$c1970.
300   $aFacsim. score ([48] p.)
490 1 $aEnglish lute songs, 1597-1632 ;$vno. 18, vol. 4
500   $aFor 3-5 voices and lute (in tablature).
500   $aFacsim. of the copy in the Folger Shakespeare Library, Washington, DC.
500   $aBound as issued with his Songs or airs and with Dowland, R. A musicall banquet.
650  0$aSongs with lute.
650  0$aPart songs, English.
700 1 $aPoulton, Diana.
830  0$aEnglish lute songs (Menston, West Yorkshire) ;$vno. 18.
988   $a20020608
906   $0RLIN

