LEADER 00810ccm a22002651  4500
001 002000619-5
005 20030717113837.0
008 900801s1929    enkpta         n 0  eng d
035 0 $aocm83308615
035 1 $aMAHSRC18224C
040   $aMH-Mu$cMH-Mu
045 0 $bd1612
048   $aca04$atc01
100 1 $aDowland, John,$d1563?-1626.
240 10$aPilgrimes solace.$pSweet stay a while, why will you?
245 10$aSweet, stay awhile!$bfrom 'A pilgrimes solace.' London 1612. [For SATB]
260 0 $aLondon,$bOxford University Press,$cc1929.
300   $aScore (4 p.)
490 0 $aEuterpe,$v17
500   $aIncludes lute accompaniment.
500   $aCaption title.
650  0$aChoruses, Secular (Mixed voices, 4 parts) with lute.
650  0$aPart songs, English.
988   $a20020608
906   $0MH

