LEADER 01290ccm a22003371  4500
001 002000620-9
005 20020606093309.7
008 900807s1959    enksga   behi  n 0  eng  
010   $a   60001921 /M
035 0 $aocm80523635
035 1 $aMAHSRC18225C
040   $aDLC$cMH-Mu$dMH-Mu
045 1 $bd1612$bd1610
048   $avn01$atc01
048   $avn01$aka01
050 0 $aM2$b.F4213 vol. 12,14, 1969
100 1 $aDowland, John,$d1563?-1626.
240 10$aPilgrimes solace
245 02$aA pilgrimes solace (1612)
260 0 $aLondon,$bStainer & Bell;$bAmerican agents: Galaxy Music Corp.,$aNew York$c[1959?]
300   $aScore (2 v.) ;$c28 cm.
490 1 $aThe English lute-songs ;$vser.1, v.12, 14
500   $aSongs and airs for solo voice. The original acc. is printed both in lute tablature and in modern notation. An alternative version especially adapted for piano is also given with each song.
500   $aVol. 2 contains the 3 songs from A musicall banquet (1610).
650  0$aSongs with piano.
650  0$aSongs with lute.
700 12$aDowland, John,$d1563?-1626.$tMusicall banquet.$kSelections.
700 1 $aFellowes, Edmund H.,$d1870-1951.
830  0$aEnglish lute-songs (Stainer & Bell).$nSeries I,$vv. 12, etc.
988   $a20020608
906   $0DLC

