LEADER 00880ncm a22002651  4500
001 002000621-7
005 20030717113556.0
008 900801s1929    enkpta         n 0  eng d
035 0 $aocm82480864
035 1 $aMAHSRC18226C
040   $aMH-Mu$cMH-Mu
045 0 $bd1612
048   $aca04$atc01
100 1 $aDowland, John,$d1563?-1626.
240 10$aPilgrimes solace.$pUp merry mates, to Neptune's praise
245 10$aUp, merry mates!$bfrom 'A pilgrimes solace, wherein is contained musikall harmonie of 3, 4 and 5 parts' London 1612.$cBy Robert [sic] Dowland. [For SATB]
260 0 $aLondon,$bOxford University Press,$cc1929.
300   $aScore (7 p.)
490 0 $aEuterpe,$v23
500   $aWith lute acc.
500   $aCaption title.
650  0$aPart songs, English.
650  0$aChoruses, Secular (Mixed voices, 4 parts) with lute.
988   $a20020608
906   $0MH

