LEADER 01165ccm a2200301   4500
001 002000622-5
005 20030717105521.0
008 900801m19681970enksga         n 0  eng d
035 0 $aocm83823364
035 1 $aMAHSRC18227C
040   $a*Ohio Univ Lib*$dCStRLIN$dCU$dMH-Mu
045 1 $bd1597$bd1600$bd1603
048   $bva01$avc01$avd01$avf01$atc01
100 1 $aDowland, John,$d1563?-1626.
240 10$aSongs or ayres
245 14$aThe first-[third] booke of songes or ayres, 1597-[1603].$cEdited by Diana Poulton.
260 0 $aMenston, Eng,$bScolar Press,$c1968-70 [i. e. 1970]
300   $aFacsim. score (4 v. in 1)$c36 cm.
440  0$aEnglish lute songs (Menston, West Yorkshire) ;$vno. 14
500   $aFor voice (cantus) and lute (in tablature), with altus, tenor, and bassus parts on opposite pages.
500   $aFacsim. of the British Museum copy.
500   $aIncludes the 1597 & 1613 eds. of the first book.
500   $aBound as issued with his A pilgrimes solace and with Dowland, R. A musicall banquet.
650  0$aSongs with lute.
650  0$aPart songs, English.
700 1 $aPoulton, Diana.
988   $a20020608
906   $0RLIN

