LEADER 01622ncm a22003371i 4500
001 002000623-3
005 20030717120020.0
008 900801s1844    enkpta   e     n 1  eng c
010   $aac 40002353 /r50
035 0 $aocm09123502
035 1 $aMAHSRC18229C
035 1 $zCUBG86C2126
040   $aCU$cCU$dMH-Mu
045 0 $bd1597
048   $ava02$avd01$avf01
050  4$aM2$b.M7 vol. 12
082   $a748.8
100 1 $aDowland, John,$d1563?-1626.
240 10$aSongs or ayres,$n1st book
245 14$aThe first set of songs :$bin four parts /$ccomposed by John Dowland ; scored from the first edition printed in the year 1597 and preceded by a life of the composer by W. Chappell.
260 0 $aLondon :$bPrinted for the members of the Musical Antiquarian Society by Chappell,$c[1844]
300   $aScore (6, 91 p.) ;$c40 cm.
500   $aFor cantus 1, cantus 2, tenor & bassus, unacc. ; originally with lute accompaniment.
500   $aOn cover: Musical antiquarian society, London. Publications, v. 12.
500   $aWith reproduction of the original dedication, note "To the courteous reader" and t.-p.: The first booke of songes or ayres of fowre partes with tableture for the lute: so made that all the partes together, or either of them seuerally may be song to the lute, orpherian or viol de gambo ... Also an invention ... for two to playe upon one lute ... [London] 1597.
500   $aScore: SATB.
650  0$aPart songs, English.
700 1 $aChappell, W.$q(William),$d1809-1888.
830  0$aPublications of the Musical Antiquarian Society ;$vv. 12.
988   $a20020608
906   $0RLIN

