LEADER 01284ncm a22003251  4500
001 002000624-1
005 20070223124612.0
008 900801s1957    au sga         n 0  eng  
010   $a   58000298 /M
028 30$a11842$bUniversal Edition
035 0 $aocm82166656
035 1 $aMAHSRC18230C
040   $aMH-Mu$cMH-Mu
041 1 $agereng$heng
045 0 $bd1597
048   $avi01$aka01
100 1 $aDowland, John,$d1563?-1626.
240 10$aSongs or ayres,$n1st book.$kSelections.$lGerman & English
245 10$aLieder mit Klavierbegleitung,$caus der Lautentabulatur übertragen und bearb. von Karl Scheit. Deutsche Nachdichtung der Liedertexte von Franz Krieg. Songs with piano, transcribed and arr. from the original lute tablature.
260 0 $aWien,$bUniversal Edition,$c[c1957]
300   $aScore (20 p.)$bfacsim.$c31 cm.
546   $aEnglish and German words.
500   $a"The present publication is based on the original publication dated 'London 1606.'"
500   $aOriginally for cantus, altus, tenor, and bassus and lute or cantus and lute.
500   $aPublisher's no.: Universal Edition no. 11842.
650  0$aSongs (Medium voice) with piano.
700 1 $aScheit, Karl,$d1909-1993.
700 1 $aKrieg, Franz.
988   $a20020608
906   $0MH

