LEADER 02358ccm a22003851  4500
001 002000625-X
005 20020606093309.7
008 900807m19201921enksga   hi    n 0  eng c
010   $aac 38003668 /r
028 20$aW.R.2891$bW. Rogers, ltd.
028 20$aW.R.4043$bW. Rogers, ltd.
035 0 $aocm22457585
035 1 $aMAHSRC18231C
040   $aNewberry library$cMH-Mu$dMH-Mu
041 0 $geng
045 0 $bd1597
048   $avi01$aka01
050  4$aM2$b.F42 vol.1-2
082   $a784.8
100 1 $aDowland, John,$d1563?-1626.
240 10$aSongs or ayres,$n1st book
245 00$aFirst book of airs,$b1597.
260 0 $aLondon,$bW. Rogers, ltd.;$aNew York,$bG. Schirmer$c[1920-21]
300   $ascore (2 v.)$bfacsim.$c28 cm.
440  0$aEnglish school of lutenist song writers,$v[1-2]
500   $aPaged continuously.
500   $aVol. 2 has imprint: London, Stainer & Bell, ltd.
500   $aWith reproduction of the dedication of the 1613 edition and the original t.-p.: The first booke of songes or ayres of fowre partes with tableture for the lute: so made all the partes together, or either of them seuerally may be song to the lute, orpherian or viol de gambo... Also an inuention...for two to playe vpon one lute... [London] 1597.
500   $aFor solo voice. Two versions of each song are given: one with lute accompaniment in modern notation and in tablature, and one with accompaniment arranged for piano. The altus, tenor and bassus parts are omitted.
500   $aPublisher's plate nos.: W.R.2891, 4043.
505 0 $apt. I. Unquiet thoughts. Who ever thinks or hopes of love for love. My thoughts are winged with hopes. If my complaints could passions move. Can she excuse my wrongs with virtues cloak? Now, now I needs must part. Dear, if you change I'll never choose again. Burst forth, my tears. Go, crystal tears. Think'st thou then by thy feigning. - pt. II. Come away, come, sweet love! Rest awhile, you cruel cares. Sleep, wayward thoughts. All ye, whom love or fortune. Wilt thou, unkind, thus reave me? Would my conceit. Come again! sweet love doth now invite. His golden locks. Awake, sweet love. thou art returned. Come, heavy sleep. Away with these self-loving lads.
650  0$aSongs (Medium voice) with lute.
650  0$aSongs (Medium voice) with piano.
988   $a20020608
906   $0RLIN

