LEADER 00816ncm a22002891a 4500
001 002000626-8
005 20020606093309.7
008 900801s1964    cs syb   hi    n 0      d
028 22$aP 110$bPanton
035 0 $aocm21091519
035 1 $aMAHSRC18232C
035 1 $zCUBGGLAD67351013
040   $aCU$cCU$dCStRLIN$dMH-Mu
041 0 $gczeenggerrusfre
045 2 $bd1956$bd1958
048   $aoa
100 1 $aDoubrava, Jaroslav,$d1909-1960.
240 10$aSymphonies,$nno. 3
245 00$aIII. sinfonia.
260 0 $aPraha :$bPanton,$c1964.
300   $a1 miniature score (253 p.)
490 0 $aKapesní partitury ;$v53
500   $aIntroduction in Czech, Russian, German, English and French.
500   $aDuration: about 47 min., 30 sec.
650  0$aSymphonies$xScores.
988   $a20020608
906   $0RLIN

