LEADER 00961ccm a22002891  4500
001 002000627-6
005 20110915112805.0
008 900801s1929    enkpta         n 0  eng d
035 0 $aocm22457586
035 1 $aMAHSRC18233C
040   $aMH-Mu$cMH-Mu
045 0 $bd1600
048   $aca02$aka01
048   $acc02$aka01
100 1 $aDowland, John,$d1563?-1626.
240 10$aSongs or ayres,$n2nd book.$pFlow my teares
245 10$aFlow my teares$b(Lachrymae) from "The second booke of songs or ayres of 2, 4, and 5 parts" London, 1600. [For S. or T., B.]
260 0 $aLondon,$bOxford University Press,$cc1929.
300   $aScore (6 p.)
490 0 $aEuterpe,$v12
500   $aLute obbligato arranged for pianoforte.
500   $aCaption title.
650  0$aPart songs, English.
650  0$aChoruses, Secular (Mixed voices, 2 parts) with piano.
650  0$aChoruses, Secular (Men's voices, 2 parts) with piano.
988   $a20020608
906   $0MH

