LEADER 01461ccm a22003731a 4500
001 002000628-4
005 20070223124502.0
008 900801s1955    au sga         n 1  eng d
028 30$a12403$bUniversal Edition
035 0 $aocm09668521
035 0 $aocm22457587
035 1 $aMAHSRC18234C
040   $aFTaSU$cFTaSU$dCStRLIN$dMH-Mu
041 1 $aengger$heng
045 0 $bd1597
048   $avi01$atb01
100 1 $aDowland, John,$d1563?-1626.
240 10$aSongs or ayres,$n1st book.$kSelections.$lGerman & English
245 10$aThree songs for voice and guitar =$bDrei Lieder für Singstimme und Gitarre /$cJohn Dowland ; [transcribed from the lute tablature and arranged for guitar by Karl Scheit ; Deutsche Nachdichtung von Franz Krieg].
246 31$aDrei Lieder für Singstimme und Gitarre
260 0 $aWien :$bUniversal Edition,$cc1955.
300   $a1 score (6 p.) ;$c31 cm.
490 1 $aMusik für Gitarre
500   $a"The voice-part can also be played on an instrument."
500   $a"From: 'The first book of songs...' London 1606 (Dohna Library)"--P. [2]
500   $aUniversal Edition, 12403.
546   $aWords in German and English.
505 0 $aCome again -- Awake, sweet love -- Wilt thou, unkind, thus reave me.
650  0$aSongs (Medium voice) with guitar.
700 1 $aScheit, Karl,$d1909-1993.
700 1 $aKrieg, Franz.
830  0$aMusik für Gitarre (Vienna, Austria)
988   $a20020608
906   $0RLIN

