LEADER 00936ccm a22002771  4500
001 002000629-2
005 20030717113610.0
008 900801s1929    enkpta         n 0  eng d
035 0 $aocm22457588
035 1 $aMAHSRC18235C
040   $aMH-Mu$cMH-Mu
045 0 $bd1600
048   $aca04$atc01
100 1 $aDowland, John,$d1563?-1626.
240 10$aSongs or ayres,$n2nd book.$pWofull heart with griefe opressed
245 10$aWoeful heart with grief oppressed;$b"from The seconde booke of songes and ayres with tablature for the lute" London 1600. [For SATB]$cEdited by A. Thorogood.
260 0 $aLondon,$bOxford University Press,$cc1929.
300   $aScore (4 p.)
490 0 $aEuterpe,$v22
500   $aWith lute accompaniment.
500   $aCaption title.
650  0$aPart songs, English.
650  0$aChoruses, Secular (Mixed voices, 4 parts) with lute.
700 1 $aThorogood, Alonzo.
988   $a20020608
906   $0MH

