LEADER 00635ncm a2200229   4500
001 002000630-6
005 20140227081919.0
008 900801s1884    mausga         n 0  eng d
035 0 $aocm12152830
035 1 $aMAHSRC18236C
040   $aMH-Mu$cMH-Mu
048   $avn01$aka01
100 1 $aDow, Howard Malcolm,$d1837-1912.
245 14$aThe songs of Henry C. Barnabee.
260 0 $aBoston,$bO. Ditson & co.,$c1884.
300   $aScore (104 p.)$c30 cm.
500   $aWords and music.
500   $aMusic by various composers.
650  0$aSongs with piano.
700 1 $aBarnabee, Henry Clay,$d1833-1917.
988   $a20020608
906   $0MH

