LEADER 01454ncm a2200277 i 4500
001 002000631-4
005 20130308185243.0
008 900801s1982    enksga   hi    n 1  eng d
035 0 $aocm08964813
035 1 $aMAHSRC18237C
040   $aMH-Mu$cMH-Mu
045 2 $bd1597$bd1603
048   $avi01$atc01
048   $avi01$atb01
100 1 $aDowland, John,$d1563?-1626.
240 10$aSongs or ayres.$kSelections
245 10$aEnglish lute songs :$bwith the original lute tablature and guitar transcriptions /$cby John Dowland ; selected, edited, and guitar transcriptions made by Brian Jeffery.
260 0 $aLondon :$bTecla,$cc1982.
300   $aScore (32 p.) :$bfacsims. ;$c31 cm.
505 0 $aCome again! sweet love doth now invite (book 1, no. 17)--Sleep, wayward thoughts (book 1, no. 13)--Awake, sweet love (book 1, no. 19)--Flow, my tears (book 2, no. 2)--I saw my lady weep (book 2, no. 1)--Shall I sue (book 2, no. 19)--Flow not so fast, ye fountains (book 3, no. 8)--Say, love, if ever thou didst find (book 3, no. 7)--Sweet, stay awhile (Pilgrimes solace, no. 2)--To ask for all thy love (Pilgrimes solace, no. 3)--Stay, time, awhile thy flying (Pilgrimes solace, no. 7)--Time stands still (book 3, no. 2)
650  0$aSongs (Medium voice) with lute.
650  0$aSongs (Medium voice) with guitar.
700 12$aDowland, John,$d1563?-1626.$tPilgrimes solace.$kSelections.
700 1 $aJeffery, Brian.
988   $a20020608
906   $0MH

