LEADER 01506ncm a22003731a 4500
001 002000632-2
005 20100303105200.0
008 900807s1968    enksga   bdehi n 1  eng d
010   $a   68053911 
028 22$aS. & B.5642$bStainer & Bell
035 0 $aocm16747326
035 1 $aMAHSRC18238C
035 1 $zNJPG87C535
040   $cPU$dPU$dCU$dNjP$dMH-Mu
041 0 $afrespaitaeng$geng
043   $ae-uk---
045 0 $bd1610
048   $avn01$atc01
048   $avn01$aoc
050 0 $aM2$b.F4225 v.20
245 02$aA musicall banquet :$b1610 /$c[edited by] Robert Dowland ; transcribed and edited by Peter Stroud ; translations by Edward Filmer and Keith Statham.
260 0 $aLondon :$bStainer & Bell ;$aNew York :$bAmerican agents, Galaxy,$cc1968.
300   $a1 score (vii, 66 p.) :$bfacsim. ;$c26 cm.
490 1 $aThe English lute-songs, 2d ser. ;$v20
500   $a"The original accompaniment is translated literally from the lute tablature into modern notation." Includes unfigured bass (which was originally intended to be played by a bass viol or sung)
500   $aWords in French, Spanish, Italian, and/or English.
500   $aWords, with translations, also printed as text on p. 51-66.
650  0$aSongs with lute.
650  0$aSongs with instrumental ensemble$xScores.
700 1 $aDowland, Robert,$dapproximately 1591-1641.
700 1 $aStroud, Peter.
830  0$aEnglish lute-songs (Stainer & Bell).$nSeries II ;$v20.
988   $a20020608
906   $0RLIN

