LEADER 01141ccm a22003011  4500
001 002000633-0
005 20030717115159.0
008 900801q19001970gw pta         n 0  eng d
028 20$a20915$bBreitkopf & Härtel
035 0 $aocm22457589
035 1 $aMAHSRC18239C
040   $aMH-Mu$cMH-Mu
045 0 $bd1600
048   $aca04$atc01
100 1 $aDowland, John,$d1563?-1626.
240 10$aSongs or ayres,$n2nd book.$pShall I sue, shall I seeke for grace
245 10$aShall I sue, shall I seek for grace?$bVierstimmiges Lied mit Lautenbegleitung aus 'The second booke of songs or aires' (London 1600).$cHrsg. von W. Barclay Squire.
260 0 $aLeipzig,$bBreitkopf & Härtel$c[19--]
300   $aScore (9 p.)
490 0 $aAusgewählte Madrigale und mehrstimmige Gesänge berühmter Meister des 16.-17. Jahrhunderts,$v3
500   $aWords in English.
500   $aLute acc., and piano acc. for rehearsal only.
500   $aPl. no. 20915.
650  0$aPart songs, English.
650  0$aChoruses, Secular (Mixed voices, 4 parts) with lute.
700 1 $aSquire, William Barclay,$d1855-1927.
988   $a20020608
906   $0MH

