LEADER 00843ncm a22002651  4500
001 002000634-9
005 20030717113618.0
008 900801s1929    enkpta         n 0  eng d
035 0 $aocm22457590
035 1 $aMAHSRC18240C
040   $aMH-Mu$cMH-Mu
045 0 $bd1600
048   $aca04$atc01
100 1 $aDowland, John,$d1563?-1626.
240 10$aSongs or ayres,$n2nd book.$pFine knacks for ladies
245 10$aFine knacks for ladies,$bfrom 'The second booke of songes or ayres of 2, 4 and 5 parts' London 1600. [For SATB]
260 0 $aLondon,$bOxford University Press,$cc1929.
300   $aScore (4 p.)
490 0 $aEuterpe,$v15
500   $aWith lute accompaniment.
500   $aCaption title.
650  0$aPart songs, English
650  0$aChoruses, Secular (Mixed voices, 4 parts) with lute.
988   $a20020608
906   $0MH

