LEADER 00691ccm a22002531  4500
001 002000635-7
005 20020606093309.7
008 900801s1960    ge zzb         n 0      d
028 30$a5252a$bPeters
028 20$aE.P.12025$bPeters
035 0 $aocm22457591
035 1 $aMAHSRC18241C
040   $aMH-Mu$cMH-Mu
048   $asa02$asb01$asc01
100 1 $aDraeger, Walter.
240 10$aQuartets,$mviolins (2), viola, cello,$nno. 2
245 00$aII. Streichquartett.
260 0 $aLeipzig,$bPeters$c[c1960]
300   $aMiniature score (37 p.)
490 0 $aCollection Litolff,$v5252a
500   $aPl. no. E.P.12025.
650  0$aString quartets$xScores.
988   $a20020608
906   $0MH

