LEADER 00863ncm a22002651  4500
001 002000636-5
005 20030717113633.0
008 900801s1929    enkpta         n 0  eng d
035 0 $aocm82944169
035 1 $aMAHSRC18242C
040   $aMH-Mu$cMH-Mu
045 0 $bd1597
048   $aca04
100 1 $aDowland, John,$d1563?-1626.
240 10$aSongs or ayres,$n1st book.$pIf my complaints could passions move
245 10$aIf my complaints,$bfrom 'The first booke of songes and ayres of foure parts' London, 1597. [For SATB]
260 0 $aLondon,$bOxford University Press,$cc1929.
300   $aScore (12 p.)
490 0 $aEuterpe,$v13
500   $aPiano accompaniment for rehearsal only.
500   $aCaption title.
650  0$aPart songs, English.
650  0$aChoruses, Secular (Mixed voices, 4 parts), Unaccompanied.
988   $a20020608
906   $0MH

