LEADER 01259ccm a22003371  4500
001 002000637-3
005 20020606093309.7
008 900801c19701969enksga         n 0  eng d
010   $a   75235719 /M
035 0 $aocm82395865
035 1 $aMAHSRC18243C
040   $aCU$cCU$dPU$dUPB$dCSt$dMH-Mu
041 0 $afrespaitaeng
045 0 $bd1610
050   $aM2$b.E64 no. 19
100 1 $aDowland, Robert,$dapproximately 1591-1641.
245 12$aA musicall banquet,$b1610.$cEdited by Diana Poulton.
260 0 $aMenston, Eng.,$bScolar Press,$c1969 [i.e. 1970]
300   $aFacsim. score ([46] p.)$c36 cm.
490 1 $aEnglish lute songs, 1597-1632,$vno. 19, vol. 4
500   $aIncludes pts. for a bass instrument.
500   $a"Reproduced (original size) from the copy in the Bodleian Library."
500   $aFrench, Spanish, Italian or English words.
500   $aVocal and bass pts. in mensural notation; lute pts. in lute tablature.
500   $aBound as issued with Dowland, J. Songs or airs & a pilgrimes solace.
650  0$aSongs with lute.
650  0$aSongs with instrumental ensemble$xScores.
700 1 $aPoulton, Diana.
830  0$aEnglish lute songs (Menston, West Yorkshire) ;$vno. 19.
988   $a20020608
906   $0RLIN

