LEADER 00696ccm a22002411  4500
001 002000638-1
005 20020606093309.7
008 900801s1888    gw sya         n 0      d
028 20$a7054$bKistner
035 0 $aocm22457592
035 1 $aMAHSRC18244C
040   $aMH-Mu$cMH-Mu
045 2 $bd1885$bd1886
048   $aka02
100 1 $aDraeseke, Felix,$d1835-1913.
240 10$aSymphonies,$nno. 3, op. 40;$oarranged
245 10$aSymphonia tragica,$bfür grosses Orchester, op. 40. Für Pianoforte zu 4 Händen.
260 0 $aLeipzig,$bKistner$c[1888]
300   $aScore (95 p.)
500   $aPl. no. 7054.
650  0$aSymphonies (Piano, 4 hands), Arranged.
988   $a20020608
906   $0MH

