LEADER 00847ncm a22002651  4500
001 002000639-X
005 20030717113625.0
008 900801s1929    enkpta         n 0  eng d
035 0 $aocm80043955
035 1 $aMAHSRC18245C
040   $aMH-Mu$cMH-Mu
045 0 $bd1603
048   $aca04
100 1 $aDowland, John,$d1563?-1626.
240 10$aSongs or ayres,$n3rd book.$pMe, me and none but me
245 10$aMe, me, and none but me,$bfrom 'The third and last booke of songs or aires' London, 1603. [For SATB]
260 0 $aLondon,$bOxford University Press,$cc1929.
300   $aScore (4 p.)
490 0 $aEuterpe,$v14
500   $aPiano accompaniment for rehearsal only.
500   $aCaption title.
650  0$aPart songs, English.
650  0$aChoruses, Secular (Mixed voices, 4 parts), Unaccompanied.
988   $a20020608
906   $0MH

