LEADER 01576ncm a22003731  4500
001 002000640-3
005 20020606093309.7
008 900801r19601916au mua   h     n 0 |lat d
010   $aac 40002045 
035 0 $aocm78203538
035 1 $aMAHSRC18246C
035 1 $zMIUG90C2426
040   $aOAU$cOAU$d*OCL*$dNBiSU$dCStRLIN$dNNU$dCSt$dMH-Mu
041 0 $alat$gger
045   $au4v0
047   $ams$ahy
050   $aM2$b.D36 Bd.46
100 1 $aDraghi, Antonio,$d1635-1700.
240 10$aVocal music.$kSelections
245 00$aKirchenwerke;$bzwei Messen, eine Sequenz, zwei Hymnen.
260 0 $aGraz,$bAkademische Druck- u. Verlagsanstalt,$c1960.
300   $avii p., score (136 p.)$c34 cm.
490 1 $aDenkmäler der Tonkunst in Österreich,$vJahrg. 23/1, Bd. 46
500   $a"Unveränderter Abdruck der 1916 in Wien erschienenen Ausgabe."
500   $a"Als Einleitung ... ist die Abhandlung anzusehen, die gleichzeitig im 4. Bande der Studien zur Musikwissenschaft."
500   $a"Vorwort" (p. v-vi) and "Revisionsbericht" (p. [133]-136) signed: Guido Adler.
500   $aLatin words; figured bass realized.
505 0 $aMissa (chorus, strings, and continuo) - Missa assumptionis (chorus, wind and string instruments, and continuo) - Stabat Mater (chorus) - Tristes erant Apostoli (chorus and continuo) - Vexilla regis (chorus and continuo)
650  0$aMasses$xScores.
650  0$aPart songs, Sacred.
700 1 $aAdler, Guido,$d1855-1941.
830  0$aDenkmäler der Tonkunst in Österreich ;$vBd. 46.
988   $a20020608
906   $0RLIN

