LEADER 00844ncm a22002531  4500
001 002000641-1
005 20030717113640.0
008 900801s1929    enkpta         n 0  eng d
035 0 $aocm22457593
035 1 $aMAHSRC18247C
040   $aMH-Mu$cMH-Mu
045 0 $bd1597
048   $aca04$atc01
100 1 $aDowland, John,$d1563?-1626.
240 10$aSongs or ayres,$n1st book.$pCome away, come sweet love
245 10$aCome away, some sweet love;$bfrom "The first booke of songes or ayres of foure parts with tablature for the lute" London 1597. [For SATB, with lute]
260 0 $aLondon,$bOxford University Press,$cc1929.
300   $aScore (6 p.)
490 0 $aEuterpe,$v20
500   $aCaption title.
650  0$aPart songs, English.
650  0$aChoruses, Secular (Mixed voices, 4 parts) with lute.
988   $a20020608
906   $0MH

