LEADER 00702ncm a22002411  4500
001 002000642-X
005 20020606093309.7
008 900801q19001933rm zzzn        n 0  rum d
035 0 $aocm22457594
035 1 $aMAHSRC18248C
040   $aMH-Mu$cMH-Mu
043   $ae-rm---
045 0 $bd1923
048   $aka01
100 1 $aDrăgoi, Sabin V.
240 10$aCântece popolare şi doine
245 00$a24 cântece poporale şi doine,$bpentru copii şi începători. Pentru pian.
260 0 $aBucureşti,$bEd. Societatii Compozitorilor Romani$c[19--]
300   $aScore (2 v.)
650  0$aFolk songs, Romanian$zRomania$xInstrumental settings.
650  0$aPiano music.
988   $a20020608
906   $0MH

