LEADER 00678ncm a22002291  4500
001 002000643-8
005 20020606093309.7
008 900801s1931    rm sua         n 0      d
035 0 $aocm22457595
035 1 $aMAHSRC18249C
040   $aMH-Mu$cMH-Mu
045 0 $bd1928
048   $aob
100 1 $aDrăgoi, Sabin V.
245 10$aDivertisment rustic :$bpentru orchestra de camera.
260 0 $aBucuresti,$bEd. Societatii compozitorilor Români$c[1931]
300   $aScore (41 p.)
500   $aSuite for chamber orchestra.
500   $a"Premiul national de compozitie George Enescu anul 1928"
650  0$aSuites (Chamber orchestra)$xScores.
988   $a20020608
906   $0MH

