LEADER 00535ccm a22001931  4500
001 002000644-6
005 20020606093309.7
008 900801q19001933rm zza         n 0  rum d
035 0 $aocm82445319
035 1 $aMAHSRC18250C
040   $aMH-Mu$cMH-Mu
048   $aca
100 1 $aDrăgoi, Sabin V.
245 10$aDoina de Eminescu,$bpentru cor mixt.
260 0 $aBucuresti,$bEd. Societatii Compozitorilor Romani$c[19--]
300   $aScore (6 p.)
650  0$aChoruses, Secular (Mixed voices), Unaccompanied.
988   $a20020608
906   $0MH

