LEADER 00622ccm a2200205   4500
001 002000645-4
005 20020606093309.7
008 900801q19001933rm zza         n 0  rum d
035 0 $aocm22457597
035 1 $aMAHSRC18251C
040   $aMH-Mu$cMH-Mu
048   $acc04
100 1 $aDrăgoi, Sabin V.
245 10$aBanateana,$bpentru cor barbatesc.$cCuvinte adaptate de Emil Gradinaru.
260 0 $aBucuresti,$bEd. Societatii Compozitorilor Români$c[19--]
300   $aScore (5 p.)$c28 cm.
650  0$aChoruses, Secular (Men's voices, 4 parts), Unaccompanied.
700 1 $aGradinaru, Emil.
988   $a20020608
906   $0MH

