LEADER 01093ccm a22003011i 4500
001 002000646-2
005 20020606093309.7
008 900802s1979    gw coca        n 1       
010   $a   80772376 /M
028 20$aD.14.145$bDoblinger
035 0 $aocm07374750
035 1 $aMAHSRC18252C
035 1 $zNYPG85C1117
040   $aCtY-Mus$cCtY-Mus$dNN$dMH-Mu
048   $aka01$bsd01
050 00$aM1018$b.D73 A maj., 1979$aM238.85
100 1 $aDragonetti, Domenico,$d1763-1846.
240 10$aConcertos,$mdouble bass, orchestra,$nno. 3,$rA major;$oarranged
245 00$a3. Concerto :$bA-Dur, für Kontrabass und Orchester /$cDomenico Dragonetti ; [hrsg. von] Rudolf Malarić ; Ausgabe für Kontrabass und Klavier [von] Heinrich Schneikart.
260 0 $aWien :$bVerlag Doblinger,$c[c1979]
300   $ascore (23 p.) and part ;$c30 cm.
440  0$aKontrabass-Reihe Rudolf Malarić ;$vKRM 11
500   $aAcc. arr. for piano.
650  0$aConcertos (Double bass)$xSolo with piano.
700 1 $aMalarić, Rudolf.
700 1 $aSchneikart, Heinrich.
988   $a20020608
906   $0RLIN

