LEADER 01003ncm a22003011i 4500
001 002000647-0
005 20020606093309.7
008 900801s1974    au coa         n 1||     
010   $a   74233716 /M
035 0 $aocm01571244
035 1 $aMAHSRC18253C
035 1 $zNYBS90C5232
040   $aDLC$cTxU$dNhD$dCStRLIN$dNNU$dCtY-Mus$dNBuU-Mu$dMH-Mu
048   $bsd01$aoa
050 0 $aM1018.D73$bP5
100 1 $aDragonetti, Domenico,$d1763-1846.
245 10$aPezzo di concerto :$bfür Kontrabass und Orchester /$cDomenico Dragonetti.
250   $aErstdruck /$b[hrsg. von] Rudolf Malarić.
260 0 $aWien :$bVerlag Doblinger$c[1974]
300   $aScore (22 p.) ;$c30 cm.
440  0$aDiletto musicale ;$vNr. 664
500   $aFor double bass and orchestra.
500   $aEdited from a ms. in the British Museum, London.
505 0 $aAndante (D major)--Allegretto (A major)
650  0$aDouble bass with orchestra$xScores.
700 1 $aMalarić, Rudolf.
988   $a20020608
906   $0DLC

