LEADER 00761ccm a22002531  4500
001 002000648-9
005 20020606093309.7
008 900802s1968    au zza         n 0      d
028 20$aD.12862$bDoblinger
035 0 $aocm22457598
035 1 $aMAHSRC18254C
040   $a*IUG*$c*IUG*$dCStRLIN$dMH-Mu
048   $bsd01$aoc
100 1 $aDragonetti, Domenico,$d1763-1846.
245 10$aGrande allegro,$bfür Kontrabass und Streicher.$c[Hrsg. von] Rudolf Malarić.
250   $aErstdruck.
260 0 $aWien,$bDoblinger$c[c1968]
300   $ascore (24 p.)$c30 cm.
440  0$aDiletto musicale,$vNr. 385
500   $aPl. no.: D.12862.
650  0$aDouble bass with string orchestra$xScores.
700 1 $aMalarić, Rudolf.
988   $a20020608
906   $0RLIN

