LEADER 00530ncm a22001931  4500
001 002000649-7
005 20020606093309.7
008 900801q19001933rm zza         n 0  rum d
035 0 $aocm22457599
035 1 $aMAHSRC18255C
040   $aMH-Mu$cMH-Mu
048   $aca
100 1 $aDrăgoi, Sabin V.
245 10$aImnul unirii,$bpentru cor mixt.
260 0 $aBucuresti,$bEd. Societatii Compozitorilor Romani$c[19--]
300   $aScore (5 p.)
650  0$aChoruses, Secular (Mixed voices), Unaccompanied.
988   $a20020608
906   $0MH

