LEADER 00567ccm a22002171  4500
001 002000650-0
005 20020606093309.7
008 900802q19001933rm zzz         n 0      d
035 0 $aocm22457600
035 1 $aMAHSRC18256C
040   $aMH-Mu$cMH-Mu
045 0 $bd1923
048   $aka01
100 1 $aDrăgoi, Sabin V.
240 10$aDoine,$mpiano
245 00$a25 doine,$bpentru copii si incepatorii. Piano solo.
260 0 $aBucuresti,$bEd. Societatii Compozitorilor Romani$c[19--]
300   $aScore ( v.)
650  0$aPiano music.
988   $a20020608
906   $0MH

