LEADER 00556ccm a2200193   4500
001 002000651-9
005 20020606093309.7
008 900802q19001933rm zza         n 0  rum d
035 0 $aocm22457601
035 1 $aMAHSRC18257C
040   $aMH-Mu$cMH-Mu
048   $acc04
100 1 $aDrăgoi, Sabin V.
245 10$aPohod na sybir,$bpentru cor barbatesc.
260 0 $aBucuresti,$bEd. Societatii Compozitorilor Romani$c[19--]
300   $aScore (6 p.)$c29 cm.
650  0$aChoruses, Secular (Men's voices, 4 parts), Unaccompanied.
988   $a20020608
906   $0MH

