LEADER 00761ccm a22002291  4500
001 002000652-7
005 20020606093309.7
008 900802s1931    rm suz         n 0      d
035 0 $aocm22457602
035 1 $aMAHSRC18258C
040   $aMH-Mu$cMH-Mu
045 0 $bd1923
048   $aka01
100 1 $aDrăgoi, Sabin V.
245 10$aSuită de dansuri populare,$bpentru pian.
260 0 $aBucurești,$bEd. Societatii Compozitorilor Romani$c[1931?]
300   $aScore (15 p.)
500   $a"Lucare premiata la concursul national de compozitie George Enescu in anul 1923."
505 0 $aHodoroaga. - Zdrăngănita. - Cimpoiașul. - Pe picior. - Brîul. - Bătuta. - Bătuta. - Sălcioara. - Brîul.
650  0$aSuites (Piano)
988   $a20020608
906   $0MH

