LEADER 01044ccm a22003011  4500
001 002000653-5
005 20020606093309.7
008 900801s1966    au rda         n 0      d
010   $a   67041738 /M
028 20$aD.10251$bDoblinger
035 0 $aocm21810426
035 1 $aMAHSRC18259C
040   $aDLC$cNhD$dm.c.$d*IUG*$d*RER*$dCStRLIN$dMH-Mu
048   $bsd01$aoc
050 0 $aM557.D75$bA5
100 1 $aDragonetti, Domenico,$d1763-1846.
240 10$aAndante und Rondo,$mdouble bass, strings,$rD major
245 00$aAndante und Rondo,$bfür Kontrabass und Streicher.$cErstdruck hrsg. von Rudolf Malarić.
260 0 $aWien,$bDoblinger$c[c1966]
300   $ascore (16 p.) & 5 parts.$c30 cm.
440  0$aDiletto musicale,$vNr. 191
500   $aFor double bass solo, violin, 2 violas, and violoncello.
500   $aEdited from a MS. in the British Museum, London.
500   $aPl. no. D.10251.
650  0$aDouble bass with string ensemble$xScores and parts.
700 1 $aMalarić, Rudolf.
988   $a20020608
906   $0DLC

