LEADER 01198ncm a22003371  4500
001 002000654-3
005 20020606093309.7
008 900801s1966    au zzca        n 0 |     
010   $a   67040656 /M
028 20$aD.12485$bDoblinger
035 0 $aocm01440186
035 1 $aMAHSRC18260C
035 1 $zMDJS86C390
040   $aCornell Univ Lib$dCStRLIN$dNNU$dMdBPC$dMH-Mu
045   $av6w4
048   $aka01$bsd01
050 00$aM238$b.D
100 1 $aDragonetti, Domenico,$d1763-1846.
240 10$aAndante und Rondo,$mdouble bass, strings,$rD major;$oarranged
245 00$aAndante und Rondo,$bfür Kontrabass und Klavier.$cErstdruck hrsg. von Rudolf Malarić.
260 0 $aWien,$bVerlag Doblinger$c[c1966]
300   $ascore (8 p.) and part.$c30 cm.
440  0$aDiletto musicale,$vNr. 190
500   $aFor double bass and piano; acc. originally for violin, 2 violas, and violoncello.
500   $aEdited from a MS. in the British Museum, London.
500   $aPl. no. D.12485.
650  0$aDouble bass with string orchestra$xSolo with piano.
650  0$aDouble bass with piano, Arranged$xScores and parts.
700 1 $aMalarić, Rudolf.
988   $a20020608
906   $0RLIN

