LEADER 00916ncm a22002891i 4500
001 002000655-1
005 20090807125848.0
008 900802s1960    nyuzza   ei    n 1      d
028 20$a40$bMcGinnis & Marx
035 0 $aocm22457603
035 1 $aMAHSRC18261C
035 1 $zNYCG84C357
040   $aNN$cNN$dNNC$dMH-Mu
041 0 $geng
048   $asc01$asd01
100 1 $aDragonetti, Domenico,$d1763-1846.
240 10$aDuet,$mcello, double bass,$rB♭ major
245 00$aDuo for cello and double bass /$cDomenico Dragonetti ; edited by Bertram Turetzky.
260 0 $aNew York :$bMcGinnis & Marx,$c[c1960]
300   $a1 score (11 p.) ;$c31 cm.
500   $aCover title.
500   $aEdited from the composer's holograph in the Boston Public Library.
500   $aPl. no.: 40.
650  0$aCello and double bass music$vScores.
700 1 $aTuretzky, Bertram,$d1933-
988   $a20020608
906   $0RLIN

