LEADER 01398ccm a22003731  4500
001 002000656-X
005 20020606093309.7
008 900802s1964    au zzaa        n 0       
010   $a   65048498 /M
028 20$aD.10262$bVerlag Doblinger
035 0 $aocm01616988
035 1 $aMAHSRC18262C
040   $aDLC$cNIC$dm.c.$dOCoLC$d*RER*$d*IUG*$dCStRLIN$dCtY-Mus$dNBuU-Mu$dMH-Mu
048   $bsd01$aka01
048   $asd01
050 00$aM57$b.D
100 1 $aDragonetti, Domenico,$d1763-1846.
240 10$aSolos,$mdouble bass,$rD minor
245 00$aSolo in D-moll$b(nach einem Trio von Corelli) für Kontrabass und Klavier.
250   $aErstdruck hrsg. von Rudolf Malarić.
260 0 $aWien,$bVerlag Doblinger$c[c1964]
300   $aScore (7 p.) and part.$c30 cm.
440  0$aDiletto musicale,$vNr. 120
500   $aAdded piano acc. by Simon Sechter.
500   $a"Allemande and sarabande are transcriptions from the Sonata da camera a tre, op. 4, nr. 8, by Arcangelo Corelli."
500   $aPl. no. D.10262.
500   $aEdited from a Ms. in the British Museum, London.
650  0$aDouble bass music.
650  0$aDouble-bass and piano music$xScores and parts.
700 1 $aMalarić, Rudolf.
700 1 $aSechter, Simon,$d1788-1867.
700 1 $aCorelli, Arcangelo,$d1653-1713.$tTrio sonatas,$mviolins, continuo,$nop. 4.$nNo. 8.
988   $a20020608
906   $0DLC

