LEADER 01057ccm a22003251  4500
001 002000657-8
005 20020606093309.7
008 900802s1964    au zzaa        n 0       
010   $a   65048497 /M
035 0 $aocm01617054
035 1 $aMAHSRC18263C
040   $aDLC$cNIC$dm.c.$d*RER*$d*IUG*$dCStRLIN$dCtY-Mus$dNBuU-Mu$dMH-Mu
048   $asd01
048   $asd01$aka01
050 00$aM57$b.D
100 1 $aDragonetti, Domenico,$d1763-1846.
240 10$aSolos,$mdouble bass,$rD major
245 00$aSolo in D-dur,$bfür Kontrabass and Klavier.
250   $aErstdruck hrsg. von Rudolf Malarić.
260 0 $aWien,$bVerlag Doblinger$c[c1964]
300   $aScore (8 p.) and part.$c30 cm.
440  0$aDiletto musicale,$vNr. 118
500   $aAdded piano acc. by Simon Sechter.
500   $aEdited from a Ms. in the British Museum, London.
650  0$aDouble bass music.
650  0$aDouble-bass and piano music$xScores and parts.
700 1 $aSechter, Simon,$d1788-1867.
700 1 $aMalarić, Rudolf.
988   $a20020608
906   $0DLC

