LEADER 00779ccm a2200241   4500
001 002000658-6
005 20020606093309.7
008 900803q18001899enkzza         n 0  eng d
035 0 $aocm22457604
035 1 $aMAHSRC18264C
040   $aMH-Mu$cMH-Mu
048   $avn03
245 00$aDrink to me only with thine eyes.$cWritten by B. Johnson [sic]
260 0 $aLiverpool,$bPrinted by Hime$c[18--]
300   $ascore (3 p.)$c34 cm.
500   $aCaption title.
500   $aWords by Ben Jonson.
500   $aOn verso of p. 3: Winde gentle evergreen & Sweet enslaver can you tell, the latter by Atterbury.
600 10$aJonson, Ben,$d1573?-1637$xMusical settings.
650  0$aGlees, catches, rounds, etc.
700 1 $aJonson, Ben,$d1573?-1637.
988   $a20020608
906   $0MH

