LEADER 01199ncm a22003611a 4500
001 002000659-4
005 20020606093309.7
008 900802s1966    au vraa        n 1       
010   $a   66084122 /M
028 20$aD.12306$bVerlag Doblinger
035 0 $aocm02351944
035 1 $aMAHSRC18265C
035 1 $zCASX89C1421
040   $cNNU$dNNU$dCU$dCU-SB$dMH-Mu
045   $au6w6
048   $asd01$aka01
048   $asd01
050 00$aM57$b.D
100 1 $aDragonetti, Domenico,$d1763-1846.
240 10$aSolos,$mdouble bass,$rG major
245 00$aSolo in G-dur :$bVariazioni con tema di menuetto : für Kontrabass und Klavier /$cDomenico Dragonetti.
250   $aErstdruck /$bhrsg. von Rudolf Malarić.
260 0 $aWien :$bVerlag Doblinger,$cc1966.
300   $a1 score (8 p.) + 1 part (3 p.) ;$c30 cm.
440  0$aDiletto musicale ;$vNr. 189
500   $aAdded piano acc. by Simon Sechter.
500   $aEdited from a MS. in the British Museum, London.
650  0$aVariations (Double bass)
650  0$aVariations (Double bass and piano)$xScores and parts.
700 1 $aSechter, Simon,$d1788-1867.
700 1 $aMalarić, Rudolf.
988   $a20020608
906   $0RLIN

