LEADER 00905ncm a22002771a 4500
001 002000660-8
005 20020606093309.7
008 900802s1978    enkzzca        n 1      d
010   $a   81770007 /M
028 22$aYE 0052$bYorke Edition
035 0 $aocm06075598
035 1 $aMAHSRC18266C
035 1 $zNJPG86C2156
040   $cCSt$dCtY-Mus$dNjP$dMH-Mu
045   $av7w5
048   $aka01$bsd01
050 0 $aM1018.D73$bS67$aM238
100 1 $aDragonetti, Domenico,$d1763-1846.
240 10$aSolos,$mdouble bass, orchestra,$rE minor;$oarranged
245 14$aThe famous solo in E minor :$bfor double bass and piano /$cDomenico Dragonetti ; [edited by Randall Shannon].
260 0 $aLondon :$bYorke Edition,$cc1978.
300   $a1 score (16 p.) + 1 part (7 p.) ;$c31 cm.
650  0$aDouble bass with orchestra$xSolo with piano.
700 1 $aShannon, Randall.
988   $a20020608
906   $0RLIN

