LEADER 01102ccm a22003251a 4500
001 002000661-6
005 20020606093309.7
008 900802s1980    nyuzzca  ei    n 1       
010   $a   80772128 /M
020   $c$2.50
028 22$aSI 132$bBelwin Mills
035 0 $aocm17703294
035 1 $aMAHSRC18267C
035 1 $zCTYS35607C
040   $aCtY-Mus$cCtY-Mus$dMH-Mu
045   $av7w5
048   $aka01$bsd01
050 0 $aM1018$b.D73 S623$aM238
100 1 $aDragonetti, Domenico,$d1763-1846.
240 10$aSolos,$mdouble bass, orchestra,$rE minor.$pAllegretto;$oarranged
245 10$aAllegretto :$bdouble bass with piano accompaniment /$cDomenico Dragonetti ; edited by Lucas Drew ; [piano part edited by Vincent Kantorski].
260 0 $aMelville, N.Y. :$bBelwin Mills Pub. Corp.,$cc1980.
300   $a1 score (12 p.) + 1 part (4 p.) :$bport. ;$c31 cm.
490 0 $aLucas Drew double bass solos
500   $aAcc. arr. for piano.
500   $aCover title.
650  0$aDouble bass with orchestra$xSolo with piano.
700 1 $aDrew, Lucas.
988   $a20020608
906   $0RLIN

