LEADER 00828ncm a22002531  4500
001 002000662-4
005 20091030155805.0
006 m|||| |||d| ||||||
008 900802s1855    mausga         n 0  eng d
035 0 $aocm22457605
035 0 $aocm82797885
035 1 $aMAHSRC18268C
040   $aMH-Mu$cMH-Mu
048   $avb01$aka01
100 1 $aDresel, Otto,$d1826-1890.
245 10$aSong from Milton's Comus :$bfor a mezzo soprano voice and piano /$ccomposed by Otto Dresel.
246 16$aSweet echo
260 0 $aBoston :$bPublished by N. Richardson at the Musical Exchange,$cc1855.
300   $a1 score (5 p.) ;$c32 cm.
650  0$aSongs (Medium voice) with piano.
700 1 $aMilton, John,$d1608-1674.$tComus.
830  0$aLDI 10: Digital scores from the Loeb Music Library III.$5net
988   $a20020608
906   $0MH

