LEADER 00742ncm a22002531i 4500
001 002000663-2
005 20020606093309.7
008 900802s1961    nyuwzz         n 0      d
028 20$a41$bMcGinnis & Marx
035 0 $aocm04064287
035 1 $aMAHSRC18269C
035 1 $zMDJS89C218
040   $aPMilS$cPMilS$d*IUG*$dCStRLIN$dMH-Mu
100 1 $aDragonetti, Domenico,$d1763-1846.
240 10$aWaltzes,$mdouble bass
245 00$aSix waltzes for double bass alone /$cedited by Bertram Turetzky.
260 0 $aNew York :$bMcGinnis & Marx,$c[c1961]
300   $aScore (7 p.) ;$c31 cm.
500   $aPl. no. 41.
650  0$aWaltzes.
650  0$aDouble bass music.
700 1 $aTuretzky, Bertram,$d1933-
988   $a20020608
906   $0RLIN

