LEADER 00680ncm a22002411  4500
001 002000664-0
005 20020606093309.7
008 900802s1916    ne zzz         n 0      d
028 20$aA.A.N.231$bNoske
035 0 $aocm22457606
035 1 $aMAHSRC18270C
040   $aMH-Mu$cMH-Mu
048   $aka01
100 1 $aDresden, Sem,$d1881-1957.
240 10$aKleine klavierstukken
245 00$a5 kleine klavierstukken.
260 0 $a's Gravenhage,$bNoske$c[1916]
300   $aScore (17 p.)
500   $aPl. no. A.A.N.231.
505 0 $a1. Kleine dans. - 2. Verlatenheid. - 3. Scherts. - 4. Mijmering. - 5. Oostersche dans.
650  0$aPiano music.
988   $a20020608
906   $0MH

