LEADER 00892ccm a22002531i 4500
001 002000665-9
005 20020606093309.7
008 900802s1976    xx ctzn        n 1  eng  
010   $a   77771865 /M
035 0 $aocm22457607
035 1 $aMAHSRC18271C
040   $cIEN$dCStRLIN$dMH-Mu
048   $aca01$aka01$asd01$apd01$avn02
050 00$aM1533.D787$bN5$aM1627.5.N5$aML96.5.D75
100 1 $aDrayton, Paul.
245 10$aNero :$ban ancient Roman light cantata /$cwords and music by Paul Drayton.
260 0 $a[s.l.] :$bB. Ramsey,$c[c1976]
300   $a62 p. ;$c31 cm.
500   $a"For unison chorus in two groups, two principal solos (and several minor ones), with piano accompaniment and bass and drums ad lib."
500   $aReproduced from holograph.
600 00$aNero,$cEmperor of Rome,$d37-68$xDrama.
650  0$aCantatas, Secular$xScores.
988   $a20020608
906   $0RLIN

