LEADER 00664ncm a22002411  4500
001 002000666-7
005 20020606093309.7
008 900802s1958    wb dva         n 0      d
028 20$aR.11107 E.$bRies & Erler
035 0 $aocm22457608
035 1 $aMAHSRC18272C
040   $aMH-Mu$cMH-Mu
045   $ax2x5
048   $aoc
100 1 $aDressel, Erwin,$d1909-1972.
240 10$aSerenades,$mstring orchestra,$nno. 2
245 00$aSerenade II (Es dur)$bfür Streichorchester.
260 0 $aBerlin,$bRies & Erler$c[c1958]
300   $aScore (12 p.)
500   $aPl. no. R.11107 E.
650  0$aSuites (String orchestra)$vScores.
988   $a20020608
906   $0MH

