LEADER 00675ncm a2200253   4500
001 002000667-5
005 20020606093309.7
008 900802s1928    gw sya         n 0      d
028 20$a10322$bHofmeister
028 30$a105$bHofmeister
035 0 $aocm22457609
035 1 $aMAHSRC18273C
040   $aMH-Mu$cMH-Mu
045 0 $bd1927
048   $aoa
100 1 $aDressel, Erwin,$d1909-1972.
240 10$aSymphonies,$nno. 1,$rD♭ major
245 00$aSymphonie in Des dur.
260 0 $aLeipzig,$bHofmeister$c[c1928]
300   $aScore (103 p.)$c34 cm.
490 0 $aHofmeisters Orchester-Bibliothek,$v105
650  0$aSymphonies$vScores.
988   $a20020608
906   $0MH

