LEADER 01144ccm a22003011  4500
001 002000668-3
005 20100709112416.0
008 900802s1961    enksua         n 0       
010   $a   61001378 /M
035 0 $aocm11998702
035 1 $aMAHSRC18274C
040   $aDLC$cMH-Mu$dMH-Mu
045   $at9u2
048   $aoc
050   $aM1160.D63$bW4
100 1 $aDowland, John,$d1563?-1626.
240 10$aInstrumental music.$kSelections;$oarranged
245 10$aDance suite.$cTranscribed and arr. for strings by Peter Warlock [pseud.
260 0 $aLondon,$bOxford University Press,$c1961]
300   $aScore (11 p.)$c31 cm.
440  0$aOxford orchestral series
500   $aMrs. White's nothing originally for lute; the other dances, all from Lachrimae, originally for "viols or violons, in five parts" with lute.
500   $aDuration: 9 min.
505 0 $aLachrimae pavan. - Mr. George Whitehead his almand. - The Earl of Essex' galliard. - Mrs. White's nothing. - The King of Denmark's pavan.
650  0$aSuites (String orchestra), Arranged$vScores.
700 1 $aWarlock, Peter,$d1894-1930.
988   $a20020608
906   $0DLC

