LEADER 00742ccm a2200241   4500
001 002000669-1
005 20020606093309.7
008 900802s1958    mauzzz   b     n 0      d
035 0 $aocm22457610
035 1 $aMAHSRC18275C
040   $aMH-Mu$cMH-Mu
045 0 $bd1958
048   $atc01
100 1 $aDowland, John,$d1563?-1626.
240 10$aLute music
245 00$aCollected works for solo lute,$cedited, as part of a Pro-seminar project, by students in Music 201.
260 0 $aCambridge,$bHarvard University, Department of Music,$c1958.
300   $a[xiv] l., Score (107 l.)$c36 cm.
500   $a"Sources": p. [vi-xiv]
650  0$aLute music.
710 2 $aHarvard University.$bDepartment of Music.
988   $a20020608
906   $0MH

