LEADER 00849ccm a22002891i 4500
001 002000670-5
005 20020606093309.7
008 900802s1978    enkmuz   e     n 1      d
020   $a0571100244
035 0 $aocm04912914
035 1 $aMAHSRC18276C
040   $aMiKW$cMiKW$dCU-SB$dCStRLIN$dMH-Mu
045   $at8u2
047   $adf$aft$apv$asg
048   $atc01
100 1 $aDowland, John,$d1563?-1626.
240 10$aLute music
245 04$aThe collected lute music of John Dowland /$ctranscribed and edited by Diana Poulton and Basil Lam.
260 0 $aLondon :$bFaber Music ;$aNew York :$bG. Schirmer,$c1978.
300   $axvi, 339 p. ;$c31 cm.
500   $aTablature and staff notation.
650  0$aLute music.
690  9$aTablatures.$5mus
700 1 $aPoulton, Diana.
700 1 $aLam, Basil.
988   $a20020608
906   $0RLIN

