LEADER 00937ncm a2200313 a 4500
001 002000671-3
005 20070830182511.0
008 900802s1974    enkmuz         n 1||    d
020   $a0571100104
035 0 $aocm39734609
035 0 $aocm01127117
035 1 $aMAHSRC18277C
035 1 $zCUBG87C3260
040   $a*Pennsylvania Univ Lib*$dCStRLIN$dCU$dMH-Mu
045   $at8u2
047   $adf$aft$apv$asg
048   $atc01
100 1 $aDowland, John,$d1563?-1626.
240 10$aLute music
245 14$aThe collected lute music of John Dowland /$ctranscribed and edited by Diana Poulton and Basil Lam.
260 0 $a[London] :$bFaber Music ;$aKassel :$bBärenreiter,$c1974.
300   $axvi, 317 p. of music ;$c32 cm.
500   $aIn lute tablature and in modern notation.
650  0$aLute music.
690  9$aTablatures.$5mus
700 1 $aPoulton, Diana.
700 1 $aLam, Basil.
988   $a20020608
906   $0RLIN

