LEADER 01276ncm a2200289 a 4500
001 002000672-1
005 20020606093309.7
008 900802s1927    enkzzz         n 1      d
028 22$a99061$bCurwen
035 0 $aocm22457611
035 1 $aMAHSRC18278C
035 1 $zCASX90C1375
040   $aCU-SB$cCU-SB$dMH-Mu
048   $aka01
048   $akc01
100 1 $aDowland, John,$d1563?-1626.
240 10$aLute music.$kSelections;$oarranged
245 04$aThe lute music of John Dowland /$cliterally transcribed from the original tablature notation, and edited for piano or harpsichord by Peter Warlock.
260 0 $aLondon ;$aGermantown, Philadelphia :$bCurwen,$c[pref. 1927]
300   $a37 p. of music ;$c31 cm.
500   $a"Curwen edition, 99061."
505 0 $aForlorne hope -- Queen Elizabeth's galliard -- An unnamed piece (I) -- Orlando sleepeth -- My Lord Chamberlaine, his galliard -- Mrs. Vauxes gigge -- Mellancoly galliard -- Mrs. White's nothinge -- The shoemaker's wife -- Farewell -- The Lady Rich, her galliard -- An unnamed piece (II) -- My Lady Hudson's puffe -- Dowland's adew -- Fantasia.
650  0$aPiano music, Arranged.
650  0$aHarpsichord music, Arranged.
700 1 $aWarlock, Peter,$d1894-1930.
988   $a20020608
906   $0RLIN

