LEADER 01093ccm a2200313 a 4500
001 002000673-X
005 20090707105115.0
008 900802s1963    enkzzzn  h     n 1      d
028 32$aS & Co. 6426$bSchott
035 0 $aocm05190909
035 1 $aMAHSRC18279C
040   $aMoSW$cMoSW$dOCoLC$dFTaSU$dCStRLIN$dMdBPC$dCU-SB$dMH-Mu
041 0 $gengger
045   $at9u2
048   $atb01
100 1 $aDowland, John,$d1563?-1626.
240 10$aLute music.$kSelections;$oarranged
245 00$aSeven pieces /$cJohn Dowland ; arranged for the guitar from the lute tablature by Diana Poulton.
260 0 $aLondon :$bSchott,$cc1963.
300   $a4 p. of music ;$c30 cm.
490 1 $aGuitar archive ;$v211
500   $aCaption title.
500   $aEditor's preface in English and German.
505 0 $aMrs. White's nothing -- Mrs. Winter's jump -- Dowland's bells -- A galliard -- K. Darcie's spirit -- Mrs. Nichols's almand -- Can she excuse.
650  0$aGuitar music, Arranged.
700 1 $aPoulton, Diana.
830  0$aGitarren-Archiv ;$v211.
988   $a20020608
906   $0RLIN

