LEADER 01107ncm a22003251i 4500
001 002000674-8
005 20020606093309.7
008 900802s1977    xx zzz         n 1       
010   $a   78770080 /M
028 30$a29151$bUniversal Edition
035 0 $aocm22457612
035 0 $aocm81152375
035 1 $aMAHSRC18280C
040   $aDLC$cMH-Mu$dMH-Mu
045   $at9u2
048   $atb01
050 00$aM128.D69$bD8
100 1 $aDowland, John,$d1563?-1626.
240 10$aLute music.$kSelections;$oarranged
245 00$aNine pieces /$cJohn Dowland ; [edited by John W. Duarte], guitar solo.
260 0 $a[S.l.] :$bUniversal Edition,$c[c1977]
300   $aScore (10 p.) ;$c31 cm.
440  0$aGuitar series
500   $a"Universal Edition, UE 29151."
500   $aOriginally for lute.
505 0 $aWhat if a day.--Complaint.--My Lord Willoughby's welcome home.--Lady Laiton's almaine.--Tarleton's jig.--A coy toy.--Mrs. White's nothing.--Tarleton's riserrectione.--Hasellwood's galliard.
650  0$aGuitar music, Arranged.
700 1 $aDuarte, John W.
988   $a20020608
906   $0DLC

