LEADER 00803ncm a2200229   4500
001 002000675-6
005 20020606093309.7
008 900802s1979    gw dfa         n 0      d
035 0 $aocm22457613
035 1 $aMAHSRC18281C
040   $aMH-Mu$cMH-Mu
048   $atb02
100 1 $aDowland, John,$d1563?-1626.
240 10$aSongs or ayres,$n1st book.$pMy Lord Chamberlaine, his galliard;$oarranged
245 00$aZweite Duette$cnach den Tabulaturen übertragen und für Gitarre bearbeitet von Dieter Kreidler.
260 0 $aMainz,$bB. Schott's Söhne,$cc1979.
300   $aScore (8 p.)$c30 cm.
650  0$aGuitar music (Guitars (2)), Arranged$vScores.
700 1 $aKreidler, Dieter.
700 12$aDowland, John,$d1563?-1626.$tMy Lord Willobes wellcome home;$oarranged.
988   $a20020608
906   $0MH

