LEADER 00664ncm a22002411  4500
001 002000676-4
005 20020606093309.7
008 900802s1954    enkcob         n 0      d
035 0 $aocm22457614
035 1 $aMAHSRC18282C
040   $aMH-Mu$cMH-Mu
045 0 $bd1949
048   $bwa01$aoa
100 1 $aDresden, Sem,$d1881-1957.
240 10$aConcertos,$mflute, orchestra
245 00$aConcert voor fluit met orkestbegeleiding.
260 0 $a[London,$bDe Wolfe,$cc1954]
300   $aMiniature score (97 p.)
500   $aCover title in English.
500   $aReproduced from holograph.
650  0$aConcertos (Flute)$xScores.
988   $a20020608
906   $0MH

