LEADER 00650ncm a22002291  4500
001 002000677-2
005 20020606093309.7
008 900802s1947    ne cob         n 0      d
035 0 $aocm22457615
035 1 $aMAHSRC18283C
040   $aMH-Mu$cMH-Mu
045 2 $bd1941$bd1942
048   $bsa01$aoa
100 1 $aDresden, Sem,$d1881-1957.
240 10$aConcertos,$mviolin, orchestra,$nno. 2
245 00$a2e concert voor viool met orkest-begeleiding$b(1941-42)
260 0 $a[Amsterdam,$bDonemus,$cc1947]
300   $aMiniature score (78 p.)
500   $aReproduced from ms.
650  0$aConcertos (Violin)$xScores.
988   $a20020608
906   $0MH

