LEADER 00576ncm a22002291  4500
001 002000678-0
005 20020606093309.7
008 900802s1955    enkzzb         n 0      d
035 0 $aocm22457616
035 1 $aMAHSRC18284C
040   $aMH-Mu$cMH-Mu
045 0 $bd1951
048   $aoa
100 1 $aDresden, Sem,$d1881-1957.
245 10$aDansflitsen.
260 0 $a[London,$bDe Wolfe,$cc1955]
300   $aMiniature score (82 p.)
500   $aCover title in English.
500   $aReproduced from ms.
650  0$aOrchestral music$xScores.
988   $a20020608
906   $0MH

