LEADER 00744ncm a22002411a 4500
001 002000679-9
005 20020606093309.7
008 900802s1925    fr zzb         n 1      d
028 20$aE.M.S. 6635$bMaurice Senart
035 0 $aocm22457617
035 1 $aMAHSRC18285C
035 1 $zNYRS8512543C
040   $aInNd$cInNd$d*m/c*$d*RER*$dCStRLIN$dMH-Mu
045 0 $bd1924
048   $asa02$asb01$asc01
100 1 $aDresden, Sem,$d1881-1957.
240 10$aQuartets,$mviolins (2), viola, cello,$nno. 1
245 00$a1. quatuor pour 2 violons, alto et violoncelle /$cSem Dresden.
260 0 $aParis :$bMaurice Senart,$cc1925.
300   $a1 miniature score (42 p.) ;$c19 cm.
650  0$aString quartets$xScores.
988   $a20020608
906   $0RLIN

