LEADER 01011ncm a22003131a 4500
001 002000680-2
005 20020606093309.7
008 900802s1892    gw sga         n 0  ger d
028 20$aV.A.1656$bBreitkopf & Härtel
028 32$a1656$bVolksausgabe Breitkopf & Härtel
035 0 $aocm83564980
035 1 $aMAHSRC18286C
040   $aMH-Mu$cMH-Mu
041 1 $agereng$hger
048   $avh01$aka01
100 1 $aDresel, Otto,$d1826-1890.
240 10$aSongs.$kSelections.$lEnglish & German
245 00$aZwanzig Lieder und Gesänge für eine Singstimme mit Pianofortebegleitung /$cOtto Dresel.
246 14$aLieder-Album
250   $aAusg. letzter Hand.
260 0 $aLeipzig ;$aNew York :$bBreitkopf & Härtel,$cc1892.
300   $a1 score (57 p.) ;$c28 cm.
500   $aFor high voice and piano.
500   $aGerman and English words.
650  0$aSongs (High voice) with piano.
752   $aGermany$dLeipzig.
752   $aUnited States$bNew York$dNew York.
988   $a20020608
906   $0MH

