LEADER 00828ncm a22002771i 4500
001 002000681-0
005 20020606093309.7
008 900802s1927    nyusga   de    n 1  eng d
010   $a   28018635 
035 0 $aocm00671502
035 1 $aMAHSRC18287C
035 1 $zMIUG231C
040   $cMiU$dMiU$dCStRLIN$dCU$dMH-Mu
045   $aw8x0
048   $avi01$aka01
050 0 $aM1620.D8$bS5
100 1 $aDresser, Paul,$d1858-1906.
240 10$aSongs.$kSelections
245 14$aThe songs of Paul Dresser /$cwith an introduction by his brother, Theodore Dreiser.
260 0 $aNew York :$bBoni & Liveright,$c1927.
300   $a1 score (261 p.) :$billus. ;$c28 cm.
500   $aFor voice and piano.
650  0$aSongs (Medium voice) with piano.
700 1 $aDreiser, Theodore,$d1871-1945.
988   $a20020608
906   $0RLIN

