LEADER 00686ncm a22002411  4500
001 002000682-9
005 20020606093309.7
008 900802c19391924fr snaa        n 0      d
028 20$aE.M.S. 4597$bEditions Maurice Senart
035 0 $aocm22457619
035 1 $aMAHSRC18288C
040   $aMH-Mu$cMH-Mu
045 0 $bd1918
048   $awa01$ata01
100 1 $aDresden, Sem,$d1881-1957.
240 10$aSonatas,$mflute, harp
245 00$aSonate pour flûte et harpe.
260 0 $aParis,$bEditions Maurice Senart$c[1939] c1924.
300   $aScore (20 p.) & part.
500   $aPl. no. E.M.S.4597.
650  0$aSonatas (Flute and harp)$xScores and parts.
988   $a20020608
906   $0MH

