LEADER 00731ncm a2200253   4500
001 002000683-7
005 20020606093309.7
008 900803s1922    fr snaa        n 0      d
028 20$aE.M.S.4533$bSenart
035 0 $aocm22457620
035 1 $aMAHSRC18289C
035 1 $zNYRS13315714C
040   $a*RER*$c*RER*$dCStRLIN$dMH-Mu
045 0 $bd1916
048   $asc01$aka01
100 1 $aDresden, Sem,$d1881-1957.
240 10$aSonatas,$mcello, piano,$nno. 1,$rB♭ major
245 00$aSonate pour violoncelle et piano.
260 0 $aParis,$bSenart,$cc1922.
300   $ascore (21 p.) and part.$c34 cm.
500   $aPl. no. E.M.S.4533.
650  0$aSonatas (Cello and piano)$xScores and parts.
988   $a20020608
906   $0RLIN

