LEADER 00888ncm a22002531a 4500
001 002000684-5
005 20020606093309.7
008 900802s1927    gw opc         n 1  ger d
028 22$a86285$bZweiniger
035 0 $aocm22457621
035 1 $aMAHSRC18290C
035 1 $zINIS3995786C
040   $aTxDa$cTxDa$dm.c.$d*IUG*$dCStRLIN$dMH-Mu
045   $ax2x2
100 1 $aDressel, Erwin,$d1909-1972.
240 10$aArmer Columbus.$sVocal score
245 00$aArmer Columbus :$bdie Vorgeschichte einer Entdeckung in 8 Bildern /$cvon Arthur Zweiniger ; Musik von Erwin Dressel ; Klavierauszug mit Text vom Komponisten.
260 0 $aDresden :$bZweiniger,$cc1927.
300   $a1 vocal score (199 p.) ;$c31 cm.
500   $aStamped on t.p.: Verlagseigentum der Universal-Edition.
650  0$aOperas$vVocal scores with piano.
700 1 $aZweiniger, Arthur.
988   $a20020608
906   $0RLIN

