LEADER 00574ncm a22002171  4500
001 002000685-3
005 20020606093309.7
008 900803s1890    gw zzz         n 0      d
028 20$aR.694 P$bRaabe & Plothow
035 0 $aocm22457622
035 1 $aMAHSRC18291C
040   $aMH-Mu$cMH-Mu
048   $aka01
100 1 $aDressler, Friedrich August.
245 10$aArabeske;$bcomponirt für das Pianoforte; Op. 21.
260 0 $aBerlin,$bRaabe & Plothow$c[1890]
300   $aScore (7 p.)
500   $aPl. no. R.694 P.
650  0$aPiano music.
988   $a20020608
906   $0MH

