LEADER 00597ncm a22002291  4500
001 002000686-1
005 20020606093309.7
008 900803q18701879gw suz         n 0      d
028 20$aF.E.C.L.2510$bLeuckart
035 0 $aocm22457623
035 1 $aMAHSRC18292C
040   $aMH-Mu$cMH-Mu
048   $aka01
100 1 $aDressler, Friedrich August.
245 10$aAus dem Tagebuche;$bClavierstücke, Op. 16.
260 0 $aLeipzig,$bLeuckart$c[187-]
300   $aScore (15 p.)
500   $aPl. no. F.E.C.L.2510.
650  0$aSuites (Piano)
650  0$aPiano music.
988   $a20020608
906   $0MH

