LEADER 01044ccm a2200325 i 4500
001 002000687-X
005 20020606093309.7
008 900803q19501959gw mua         n 0  ger d
035 0 $aocm16763845
035 1 $aMAHSRC18293C
040   $aCU$cCU$dMH-Mu
041 1 $alatger$hlat
047   $amo$apt
048   $aca04
048   $aca05
100 1 $aDressler, Gallus,$d1533-
240 10$aMotets.$kSelections.$lGerman & Latin
245 00$aFünf Motetten :$bzu 4-5 Stimmen /$chrsg. von Manfred Ruëtz.
250   $a2. unveränderte Aufl.
260 0 $aWolfenbüttel :$bMöseler Verlag,$c[195-?]
300   $a1 score (20 p.) ;$c26 cm.
440  0$aChorwerk ;$vHeft 28
500   $aWords in Latin and German.
500   $aFor 4-5 voices, unaccompanied.
505 0 $aSiehe, wie fein und lieblich.--Gaudens gaudebo.--Also hat Gott die Welt geliebet.--Herr, wie habe ich Dein Gesetz so lieb.--In manus tuas.
650  0$aPart songs, Sacred.
650  0$aMotets.
700 1 $aRuëtz, Manfred.
988   $a20020608
906   $0RLIN

