LEADER 00648ccm a22002411  4500
001 002000688-8
005 20090712120221.0
008 900803s1898    gw dfz         n 0      d
028 20$aR.1686 P$bRaabe & Plothow
035 0 $aocm22457624
035 1 $aMAHSRC18294C
040   $aMH-Mu$cMH-Mu
048   $aka01
100 1 $aDressler, Friedrich August.
240 10$aLändler,$mpiano,$nop. 51
245 00$aLändler;$bcomponirt für Pianoforte; Op. 51.
260 0 $aBerlin,$bRaabe & Plothow$c[c1898]
300   $aScore (6 p.)
500   $aPl. no. R.1686 P.
650  0$aLändler (Music)
650  0$aPiano music.
988   $a20020608
906   $0MH

