LEADER 00609ccm a2200229   4500
001 002000689-6
005 20020606093309.7
008 900803q18901899gw zzc         n 0      d
035 0 $aocm22457625
035 1 $aMAHSRC18295C
040   $aMH-Mu$cMH-Mu
048   $aka01
100 1 $aDressler, Friedrich August.
240 10$aLetzte Melodie;$oarranged
245 04$aDie letzte Melodie.
250   $a2. Aufl.
260 0 $aBerlin,$bBote & Bock$c[189-]
300   $aScore (3 p.)$c35 cm.
500   $aArr. for piano; originally for orchestra.
650  0$aPiano music, Arranged.
988   $a20020608
906   $0MH

