LEADER 00596ncm a22002411  4500
001 002000690-X
005 20020606093309.7
008 900803s1877    gw mzz         n 0      d
028 20$a7665$bBote & Bock
035 0 $aocm22457626
035 1 $aMAHSRC18296C
040   $aMH-Mu$cMH-Mu
048   $aka01
100 1 $aDressler, Friedrich August.
240 10$aMazurkas,$mpiano
245 00$aTrois mazurkas pour piano.
260 0 $aBerlin,$bBote & Bock$c[1877]
300   $aScore (9 p.)
500   $aPl. no. 7665.
650  0$aMazurkas.
650  0$aPiano music.
988   $a20020608
906   $0MH

