LEADER 01038ncm a22003131i 4500
001 002000691-8
005 20020606093309.7
008 900803s1900    gw mua         n 0  lat c
010   $aa  42001841 /M/r61
035 0 $aocm22457627
035 1 $aMAHSRC18297C
040   $aNewberry library$cMH-Mu
047   $amo$apt
048   $acn04
048   $acn05
050  4$aM2$b.G39 Bd.24
100 1 $aDressler, Gallus,$d1533-
240 10$aCantiones sacrae$n(1565)
245 00$aXVII [i.e. Siebzehn] Motetten, zu vier und fünf Stimmen /$cin Partitur gesetzt und mit einer Klavierpartitur versehen von A. Halm und Rob. Eitner.
260 0 $aLeipzig :$bBreitkopf & Härtel,$c1900.
300   $ascore (115 p.) :$bfacsim. ;$c36 cm.
440  0$aPublikation aelterer praktischer und theoretischer Musik-Werke ;$vBd. 24
500   $aFor 4-5 voices; Latin words.
650  0$aPart songs, Sacred.
650  0$aMotets.
700 1 $aHalm, Anton,$d1789-1872.
700 1 $aEitner, Robert,$d1832-1905.
988   $a20020608
906   $0RLIN

