LEADER 00584ncm a22002291  4500
001 002000692-6
005 20020606093309.7
008 900803s1886    gw suz         n 0      d
028 20$aR.S.791.I$bSulzer
035 0 $aocm22457628
035 1 $aMAHSRC18298C
040   $aMH-Mu$cMH-Mu
048   $aka01
100 1 $aDressler, Friedrich August.
240 10$aSuite,$mpiano,$nop. 19
245 00$aClavier-Suite, D moll;$bOp. 19.
260 0 $aBerlin,$bSulzer$c[1886]
300   $aScore (22 p.)
500   $aPl. no. R.S.791.I.
650  0$aSuites (Piano)
988   $a20020608
906   $0MH

