LEADER 01468ccm a2200361   4500
001 002000693-4
005 20020606093309.7
008 900803s1934    enkpta         n 0  eng  
010   $a   75207263 /M
035 0 $aocm22457629
035 1 $aMAHSRC18299C
040   $aDLC$cMH-Mu$dMH-Mu
045   $at9t9
048   $aca04
050 00$aM2092.4$bD
100 1 $aDowland, John,$d1563?-1626.
240 10$aMr. Henry Noell his funerall psalmes
245 00$aSeven hymn-tunes,$blamentatio Henrici Noel.$cEdited by Edmund H. Fellowes.
246 3 $aLamentatio Henrici Noel.
246 3 $aHymn-tunes.
260 0 $aLondon,$bOxford University Press,$c[1934]
300   $aScore (2 v.)$c26 cm.
490 1 $aTudor church music, 2d ser.,$vno. 79-80
500   $aFor chorus (SATB) a cappella.
500   $aWords by various authors substituted by the editor for the original psalm verses, which are printed as text at the end of each tune.
505 0 $aPt. 1. O Lord, turn not away. O for a closer walk with God. Take up thy cross. He that is down needs fear no fall. - Pt. 2. My spirit longs for Thee. How lovely are thy dwellings fair. As pants the hart.
600 10$aNoel, Henry,$d-1597$xSongs and music.
650  0$aChoruses, Sacred (Mixed voices, 4 parts), Unaccompanied.
650  0$aPart songs, Sacred.
700 1 $aFellowes, Edmund H.,$d1870-1951.
830  0$aTudor church music.$nSecond series ;$vno. 79-80.
988   $a20020608
906   $0DLC

