LEADER 01218ccm a22003251a 4500
001 002000694-2
005 20020606093309.7
008 900803s1927    enkmua   hi    n 1       
010   $a   56000359 /M
035 0 $aocm16122598
035 1 $aMAHSRC18300C
035 1 $zCTYS89C6560
040   $aCtY-Mus$cCtY-Mus$dMH-Mu
045 0 $bd1605
047   $adf$apv
048   $asa02$asb01$asc02$atc01
050 00$aM672.D7$bL3
100 1 $aDowland, John,$d1563?-1626.
245 10$aLachrimae :$bor, Seven tears figured in seven passionate pavans with divers other pavans, galiards and almands /$cby John Dowland ; transcribed from the original edition of 1605 by Peter Warlock.
246 3 $aSeven tears figured in seven passionate pavans.
260 0 $aLondon :$bOxford University Press,$cc1927.
300   $a1 score (36 p.) + 5 parts :$bfacsim. ;$c31 cm.
500   $aCover title.
500   $aFor 2 violins, viola, 2 violoncellos and lute; originally for "viols or violons in five parts" with lute.
650  0$aDance music.
650  0$aPavans.
650  0$aSextets (Lute, violins (2), viola, cellos (2))$xScores and parts.
700 1 $aWarlock, Peter,$d1894-1930.
988   $a20020608
906   $0RLIN

