LEADER 01144ncm a22003371i 4500
001 002000695-0
005 20020606093309.7
008 900803r19741605enkpvza        n 1      d
035 0 $aocm22457630
035 1 $aMAHSRC18301C
035 1 $zCUBG87C628
040   $dNNU$dCU$dMH-Mu
045 0 $bd1604
048   $asg05$atc01
048   $asa05$atc01
100 1 $aDowland, John,$d1563?-1626.
245 10$aLachrimae /$cJohn Dowland ; with a commentary by Warwick Edwards ; general editor Richard Rastall.
260 0 $aLeeds :$bReprinted under the direction of Leslie Hewitt for Boethius Press,$c[c1974]
300   $a[61] p. ;$c36 cm.
440  0$aMusical sources (Boethius Press) ;$v5
440  0$aEarly music reprinted ;$v1
500   $aFacsim. of the 1605 ed. printed by John Windet, London.
500   $aFor 5 viole da gamba or violins and lute.
500   $aParts printed in table-book format.
650  0$aSextets (Lute, viole da gamba (5))$xParts.
650  0$aSextets (Lute, violins (5))$xParts.
650  0$aPavans.
700 1 $aEdwards, Warwick.
700 1 $aRastal, Richard.
988   $a20020608
906   $0RLIN

