LEADER 00924ncm a22002891  4500
001 002000696-9
005 20020606093309.7
008 900803s1887    gw sga         n 0  ger d
028 20$aR.S.787--790$bSulzer
035 0 $aocm22457631
035 1 $aMAHSRC18302C
040   $aMH-Mu$cMH-Mu
041 1 $aengger$hger
048   $aka01$avi01
100 1 $aDressler, Friedrich August.
240 10$aThränen.$lEnglish & German
245 00$aThränen;$bLiedercyclus von A. von Chamisso. Componirt für eine Altstimme mit Begleitung des Pianoforte. Op. 9.
260 0 $aBerlin,$bSulzer,$cc1887.
300   $aScore (15 p.)
500   $aWords in German and English.
500   $aPl. no. R.S.787-790.
600 10$aChamisso, Adelbert von,$d1781-1838$xMusical settings.
650  0$aSong cycles.
650  0$aSongs (Medium voice) with piano.
700 1 $aChamisso, Adelbert von,$d1781-1838.
988   $a20020608
906   $0MH

