LEADER 01167ncm a2200301   4500
001 002000697-7
005 20020606093309.7
008 900803s1948    gw zza         n 0      d
028 30$a75$bBärenreiter
035 0 $aocm22457632
035 1 $aMAHSRC18303C
035 1 $zCSUG89C560
040   $aCU$cCU$dCSt$dMH-Mu
045   $at8u2
048   $asa02$asb02$asc01
100 1 $aDowland, John,$d1563?-1626.
240 10$aLachrimae.$kSelections
245 00$aFünf Stücke$bfür Streichmusik zu fünf Stimmen. 1. Folge.$cHrsg. von Walther Pudelko.
260 0 $aKassel,$bBärenreiter$c[1948]
300   $aScore (19 p.) and 5 parts.
500   $a"Bärenreiter Ausgabe, 75"; folge 1; no more published.
500   $aOriginally for lute.
500   $aParts for violin 1-2, viola 1-2 and violoncello
505 0 $aLachrimae antiquae (Pavane) [incl. text (in German)] - Lachrimae antiquae novae (Pavane) - Semper Dowland semper dolens (Pavane) - Dem König von Dänemark (Galliarde) - George Whitehead (Allemande)
650  0$aString quintets (Violins (2), violas (2), cello)$xScores and parts.
700 1 $aPudelko, Walther.
988   $a20020608
906   $0RLIN

