LEADER 01340ncm a22003371  4500
001 002000698-5
005 20020606093309.7
008 900803c19541953gw zzaa        n 0       
010   $a   57000722 /M
028 30$a173$bNagel
035 0 $aocm19799223
035 1 $aMAHSRC18304C
035 1 $zCTYS90C2202
040   $cPPT$dPPT$dCtY-Mus$dMH-Mu
048   $ase05$atc01
048   $awh05$atc01
050 00$aM2$b.N25 Nr.173
100 1 $aDowland, John,$d1563?-1626.
240 10$aLachrimae.$kSelections
245 00$aLachrimae,$boder Sieben Tränen, dargestellt in sieben tief empfundenen Pavanen, für fünfstimmigen Violen- oder Blockflötenchor und Laute ad lib.,$chrsg. von F. J. Giesbert.
246 3 $aSieben Tränen.
260 0 $aKassel,$bNagel;$aNew York,$bAssociated Music Publishers$c[1954, c1953]
300   $ascore (16 p.)$c30 cm.
440  0$aNagels Musik-Archiv,$v173
500   $aFor 5 viols or recorders and optional lute, the latter in both tablature and staff notation.
505 0 $aLachrimae antiquae. - Lachrimae antiquae novae. - Lachrimae gementes. - Lachrimae tristes. - Lachrimae coactae. - Lachrimae amantis. - Lachrimae verae.
650  0$aString quintets (Viols (5))$xScores.
650  0$aWind quintets (Recorders (5))$xScores.
700 1 $aGiesbert, F. J.
988   $a20020608
906   $0RLIN

