LEADER 01440ncm a22003131  4500
001 002000699-3
005 20020606093309.7
008 900802s1955    ne muc   hi    n 0  fre  
010   $a   58001574 /M
028 20$aS.Z.S.506$bStichting "Zingende Stemmen"
035 0 $aocm82908021
035 1 $aMAHSRC18305C
040   $aDCL$cMH-Mu$dMH-Mu
041 1 $afreengger$gfreengger
047   $aor$asy
048   $aca$avn$aka01
100 1 $aDresden, Sem,$d1881-1957.
240 10$aSaint Antoine.$sVocal score.$lPolyglot
245 00$aSaint Antoine;$bsymphonie-oratorio pour orchestre, chœur mixte, solistes et voix récitantes. Saint Anthony. Partition pour chant et piano.
246 3 $aSaint Anthony.
260 0 $aAmsterdam,$bStichting "Zingende Stemmen,"$cc1955.
300   $aScore (128 p.)$c27 cm.
500   $aPl. no. S.Z.S.506.
500   $a"The French text is taken from Gustave Flaubert's 'La tentation de saint antoine,' 3rd version (1856), from the 'Notices" to it by Professor Guignenert, and from a French translation of 'Sacred and lengendary art' by Mrs. Jameson. Further from the Gospel of St. Matthew, chpater 19, verse 21, from the Mass of a confessor non prelate, and from Psalm 24; these three quotations in Latin."
500   $aPref. and words in French, English & German.
650  0$aOratorios$xVocal scores with piano.
650  0$aSymphonies$xVocal scores with piano.
988   $a20020608
906   $0RLIN

