LEADER 00804ncm a22002651  4500
001 002000700-0
005 20020606093309.7
008 900803s1968    at sga         n 0  eng  
010   $a   73212503 /M
035 0 $aocm22457633
035 1 $aMAHSRC18306C
035 1 $zNYPG724080801C
040   $cNN$dNN$dMH-Mu
045 0 $bd1962
048   $ava01$awa01$asb01$akf01$apz01
050 00$aM1613.3.D76$bF7
100 1 $aDreyfus, George.
245 10$aFrom within, looking out;$bfor soprano voice, flute, viola, celeste, and vibraphone.
260 0 $aMelbourne,$bAllan's Music$c[c1968]
300   $ascore (38 p.)$c25 cm.
500   $a"Text: A street song of Annam."
500   $aReproduced from ms.
650  0$aSongs (High voice) with instrumental ensemble$vScores.
988   $a20020608
906   $0RLIN

