LEADER 00766ncm a22002651  4500
001 002000701-9
005 20020606093309.7
008 900803s1974    at opcn        n 0  eng  
010   $a   74223690 /M
035 0 $aocm22457634
035 1 $aMAHSRC18307C
035 1 $zILNGABW7743C
040   $cIEN$dMH-Mu
045 0 $bd1965
050 00$aM1503.D774$bG3 1974z
100 1 $aDreyfus, George.
240 10$aGarni Sands.$sVocal score
245 00$aGarni Sands;$bopera in two acts.$cLibretto by Frank Kellaway. Vocal score by Willy Giefer.
260 0 $a[Melbourne]$bAllans Music$c[1974?]
300   $aScore (228 p.)$c35 cm.
650  0$aOperas$xVocal scores with piano.
700 1 $aKellaway, Frank.
700 1 $aGiefer, Willy.
988   $a20020608
906   $0RLIN

