LEADER 00688ncm a22002651  4500
001 002000702-7
005 20020606093309.7
008 900803s1968    at syb         n 0       
010   $a   73230086 /M
035 0 $aocm09260015
035 1 $aMAHSRC18308C
035 1 $zNYBS90C5229
040   $aNNU$cNNU$dNBuU-Mu$dMH-Mu
045 0 $bd1967
048   $aoa
050 00$aM1001$b.D78 no.1
100 1 $aDreyfus, George.
240 10$aSymphonies,$nno. 1
245 00$aSymphony no. 1.
260 0 $a[Melbourne]$bAllans Music,$cc1968.
300   $aMiniature score (102 p.)$c20 cm.
500   $aReproduced from holograph.
650  0$aSymphonies$xScores.
988   $a20020608
906   $0RLIN

