LEADER 00841ncm a22002651  4500
001 002000703-5
005 20090420154427.0
008 900803s1952    gw opc         n 0  ger d
028 30$a2545$bBärenreiter
035 0 $aocm21821131
035 1 $aMAHSRC18309C
035 1 $zCUBG85C1720
040   $aCU$cCU$dMH-Mu
045 0 $bd1952
100 1 $aDriessler, Johannes,$d1921-1998.
240 10$aClaudia amata.$sVocal score
245 00$aClaudia amata;$bOper in fünf Bildern, op. 17.$cText frei nach Gottfried Kellers Legende "Eugenia," von Bettina Brix.
260 0 $aKassel,$bBärenreiter$c[1952]
300   $aVocal score (199 p.)
490 0 $aBärenreiter-Ausgabe,$v2545
650  0$aOperas$xVocal scores with piano.
700 1 $aBrix, Bettina.
700 1 $aKeller, Gottfried,$d1819-1890.$tEugenia.
988   $a20020608
906   $0RLIN

