LEADER 00735ncm a22002411  4500
001 002000704-3
005 20090420154413.0
008 900803s1952    gw cta         n 0  ger d
028 30$a2538$bBMarenreiter
035 0 $aocm22457636
035 1 $aMAHSRC18310C
040   $aMH-Mu$cMH-Mu
048   $bva01$bve01$aca08$aoz
100 1 $aDriessler, Johannes,$d1921-1998.
245 10$aDenn dein Licht kommt;$bweinachtliche Kantate für Sopran, Bariton und Doppelchor mit Instrumenten. Op. 4.
260 0 $aKassel,$bBärenreiter$c[1952]
300   $aScore (71 p.)
490 0 $aBärenreiter-Ausgabe,$v2538
500   $aDuration: 45 min.
650  0$aChristmas music.
650  0$aCantatas, Sacred$vScores.
988   $a20020608
906   $0MH

