LEADER 00710ncm a22002411  4500
001 002000705-1
005 20020606093309.7
008 900803s1948    enksnz         n 0       
010   $a   48022149 
028 20$aA. L. & Co. Ltd. 3613$bA. Lengnick
035 0 $aocm09647598
035 1 $aMAHSRC18311C
035 1 $zCSUG88C1429
040   $aCSt$cCSt$dMH-Mu
048   $aka01
050 00$aM23.D79$bF3
100 1 $aDring, Madeleine.
245 10$aFantasy sonata;$bin one movement, for piano forte.
260 0 $aLondon,$bA. Lengnick;$bsole selling rights for Canada of the F. Harris Music Co.,$aOakville, Ont.$c[c1948]
300   $a16 p.$c31 cm.
650  0$aSonatas (Piano)
988   $a20020608
906   $0RLIN

