LEADER 00859ccm a22002651  4500
001 002000706-X
005 20090420154400.0
008 900803s1951    gw ora         n 0  ger  
010   $a   57000639 /M
028 30$a2531$bBärenreiter
035 0 $aocm22718110
035 1 $aMAHSRC18312C
040   $aDLC$cMH-Mu
045 0 $bd1949
048   $bva01$bvd01$bve01$aca05$aoa
050 00$aM2000.D8$bD45
100 1 $aDriessler, Johannes,$d1921-1998.
245 10$aDein Reich komme;$bOratorium für Sopran-, Tenor- und Baritonsolo, 5 stimmigen Chor, Holzbläser und Streichorchester, nach Worten des Alten und Neuen Testaments. Op. 11.
260 0 $aKassel,$bBärenreiter$c[1951]
300   $aScore (173 p.)$c32 cm.
490 0 $aBärenreiter-Ausgabe,$vNr.2531
500   $aDuration: 80 min.
650  0$aOratorios$vScores.
988   $a20020608
906   $0DLC

