LEADER 00757ncm a22002531  4500
001 002000707-8
005 20090420154343.0
008 900803s1953    gw zzb         n 0      d
028 30$a2699$bBärenreiter
035 0 $aocm17789602
035 1 $aMAHSRC18313C
035 1 $zNYRS17789602C
040   $a*RER*$c*RER*$dCStRLIN$dMH-Mu
048   $asa01$asb01$asc01
100 1 $aDriessler, Johannes,$d1921-1998.
240 10$aTrios,$mviolin, viola, cello,$nop. 1.$nNo. 2
245 00$aStreichtrio, op. 1/Nr. 2.
260 0 $aKassel,$bBärenreiter$c[1953]
300   $aminiature score (19 p.)$c19 cm.
490 0 $aBärenreiter-Ausgabe,$v2699
500   $aFor violin, viola and violoncello.
650  0$aString trios$vScores.
988   $a20020608
906   $0RLIN

