LEADER 00963ccm a2200277   4500
001 002000708-6
005 20090420154328.0
008 900803s1952    gw ora   d     n 0  ger  
010   $a   54000740 /M
028 30$a2780$bBärenreiter-Verlag
035 0 $aocm22457638
035 1 $aMAHSRC18314C
040   $aDLC$cMH-Mu$dMH-Mu
045 2 $bd1950$bd1952
048   $bva01$bvd01$bvf01$aca$aoa
050 00$aM2000.D8$bD4
100 1 $aDriessler, Johannes,$d1921-1998.
245 10$aDe profundis;$bOratorium nach Worten der Heiligen Schrift für Sopran-, Tenor- und Bass-Solo, Kammerchor, grossen Chor, Holz- und Blechbläser, Klavier und Pauken, op. 22. Partitur.
260 0 $aKassel,$bBärenreiter-Verlag,$cc1952.
300   $aScore (260 p.)$c33 cm.
490 0 $aBärenreiter-Ausgabe,$v2780
500   $aText printed in German on insert (12 p.) 21 cm.
500   $aDuration: about 80 min.
650  0$aOratorios$vScores.
988   $a20020608
906   $0DLC

