LEADER 01153ncm a2200337 a 4500
001 002000709-4
005 20060308141433.0
008 900808s1901    gw btz   d     n 1      d
028 22$aZ.3247$bZimmermann
035 0 $aocm21822693
035 1 $aMAHSRC18315C
035 1 $zCUBG85C10253
040   $aCU$cCU$dMH-Mu
041 0 $gfre
045 0 $bd1900
048   $aka01
100 1 $aDrigo, Riccardo,$d1846-1930.
240 10$aMillions d'Arlequin;$oarranged
245 14$aLes millions d'Arlequin :$bballet en 2 actes /$cde Marius Petipa ; musique de Richard Drigo.
254   $aPartition pour piano.
260 0 $aLeipzig :$bZimmermann,$cc1901.
300   $a1 piano score (133 p.) ;$c31 cm.
500   $aFor piano with instrumental cues; originally for orchestra.
500   $aScore has interlined stage directions in French.
650  0$aBallets$vPiano scores.
700 1 $aPetipa, Marius,$d1818-1910,$echoreographer.
710 2 $aJohn Milton and Ruth Neils Ward Collection (Harvard Theatre Collection)$5the
730 0 $aHarlequinade (Choreographic work : Petipa)
752   $aGermany$dLeipzig.
988   $a20020608
906   $0RLIN

