LEADER 00842ncm a22002771i 4500
001 002000710-8
005 20020606093309.7
008 900803s1978    pauzzea        n 1       
010   $a   79770064 /M
020   $c$5.00
035 0 $aocm05054186
035 1 $aMAHSRC18316C
035 1 $zNYPG82C1999
040   $cNN$dMH-Mu
045 0 $ax7x7
048   $abb02$abd02
048   $abb02$abd01$abe01
050   $aM457.4.D74$bA4
100 1 $aDrew, James.
245 10$aAll Saints' chorales :$bfor brass ensemble (2 B♭ trumpets, trombone, tuba or trombone) /$cJames Drew.
260 0 $aBryn Mawr, Pa. :$bT. Presser Co.,$cc1978.
300   $acondensed score (4 p.) and 4 parts ;$c31 cm.
650  0$aBrass quartets (Trombone, trumpets (2), tuba)$xScores and parts.
650  0$aAll Saints' Day music.
988   $a20020608
906   $0RLIN

