LEADER 01397ccm a2200349 i 4500
001 002000711-6
005 20020606093309.7
008 900803m19711976it stz   hi    n 0      d
028 20$aE. 1591 B.--1592$bEdizioni Musicale Bèrben
028 20$aE. 1693 B.$bEdizioni Musicali Berbèn
028 20$aE. 1820 B.$bEdizioni Musicali Berbèn
028 20$aE. 1935 B.$bEdizioni Musicali Berbèn
028 20$aE. 2070 B.$bEdizioni Musicali Berbèn
035 0 $aocm01462605
035 1 $aMAHSRC18317C
040   $cICarbS$dFTaSU$dCStRLIN$dMH-Mu
041 0 $gengita
245 00$aVarietie of lute-lessons :$b(1610) /$c[compiled by] Robert Dowland ; transcribed for guitar by John W. Duarte and Diana Poulton.
260 0 $aAncona :$bEdizioni Musicali Bèrben,$cc1971-1976.
300   $aScore (6 v.) ;$c33 cm.
500   $aPreface in English and Italian.
500   $aSome pieces have been transposed; some require retuning of the 3rd string to F-sharp.
500   $aPl. no.: E. 1591 B./2070.
505 0 $av. 1. Corantos.--v. 2. Almaines.--v. 3. Voltes.--v. 4. Fantasias.--v. 5. Galliards.--v. 6. Pavins.
650  0$aGuitar$xInstruction and study$vEarly works to 1800.
650  0$aGuitar music, Arranged.
650  0$aDance music.
700 1 $aDowland, Robert,$dapproximately 1591-1641.
700 1 $aDuarte, John W.
700 1 $aPoulton, Diana.
988   $a20020608
906   $0RLIN

