LEADER 01160ncm a22003131  4500
001 002000712-4
005 20070516133755.0
008 900803s1957    enkdfzn        n 0       
010   $a   58000097 /M
028 30$a10310$bSchott
028 20$aS.& Co. Ltd. 6062$bSchott
035 0 $aocm21511679
035 0 $aocm84567218
035 1 $aMAHSRC18318C
035 1 $zCASX89C7804
040   $dCStRLIN$dNjR$dCU-SB$dMH-Mu
050 0 $aM1450.D7$bV4
100 1 $aDowland, Robert,$dapproximately 1591-1641.
245 10$aVarietie of lute-lessons,$bviz., fantasies, pavins, galliards, almaines, corantoes, and volts, selected out of the best approved authors, as well beyond the seas as of our owne country.$cLute tablature transcribed for keyboard by Edgar Hunt.
260 0 $aLondon,$bSchott;$aNew York,$bAssociated Music Publishers$c[c1957]
300   $av p., Score (67 p.)$c31 cm.
490 0 $aSchott's series of early lute music,$vno. 1
500   $aEdition Schott, 10310.
500   $aPl. no. S.& Co. Ltd. 6062.
650  0$aDance music.
650  0$aPiano music, Arranged.
700 1 $aHunt, Edgar,$d1909-2006.
988   $a20020608
906   $0RLIN

