LEADER 00828ncm a22002651i 4500
001 002000713-2
005 20020606093309.7
008 900803s1974    fr zza         n 1       
010   $a   75765130 /M
035 0 $aocm10590169
035 1 $aMAHSRC18320C
035 1 $zCTYS88C2766
040   $cIEN$dIEN$dCStRLIN$dCtY-Mus$dMH-Mu
048   $awa01$awb01$awc01$aba01$awd01
050 0 $aM557.D736$bA3
100 1 $aDowney, John W.
245 10$aAgort /$cJohn Downey.
260 0 $a[Paris] :$bEditions françaises de musique,$c[1974]
300   $ascore (33 p.) and 5 parts ;$c35 cm.
500   $aCover title.
500   $aFor flute, oboe, clarinet, horn, and bassoon.
500   $aDuration: about 14 min.
650  0$aWind quintets (Bassoon, clarinet, flute, horn, oboe)$xScores and parts.
988   $a20020608
906   $0RLIN

