LEADER 01072ncm a22002891a 4500
001 002000714-0
005 20020606093309.7
008 900802s1981    fr fta         n 1       
010   $a   83750617 
028 22$aE.M.T.1584$bEditions musicales transatlantiques
035 0 $aocm10133993
035 1 $aMAHSRC18321C
040   $aDLC$cMH-Mu
048   $awa01$aka01
050 00$aM242$b.D
100 1 $aDrouet, Louis François Philippe,$d1792-1873.
240 10$aFantaisies,$mflute, piano,$nop. 38
245 00$aTrois fantaisies pour piano et flûte :$btrès faciles /$cLouis Drouet ; révision Pierre-Yves Artaud.
260 0 $aParis :$bEditions musicales transatlantiques,$c[1981]
300   $a1 score (3 v.) + 1 part (3 v.) ;$c31 cm.
500   $aCover title.
500   $aOp. 38 (1st and 2nd fantaisies) and op. 39 (3rd fantaisie)
650  0$aFlute and piano music$xScores and parts.
700 1 $aArtaud, Pierre-Yves.
700 12$aDrouet, Louis François Philippe,$d1792-1873.$tFantaisies,$mflute, piano,$nop. 39,$rA major.
988   $a20020608
906   $0DLC

