LEADER 00694ncm a22002651  4500
001 002000715-9
005 20020606093309.7
008 900803s1967    nyuzzz   hz    n 1       
010   $a   68042884 /M
028 30$a15279037$bMCA Music
035 0 $aocm01261372
035 1 $aMAHSRC18322C
035 1 $zNYPG82C494
040   $cNN$dNN$dMH-Mu
045 0 $bd1966
048   $abd01$aeb
050 00$aM298.D
100 1 $aDruckman, Jacob,$d1928-1996.
240 10$aAnimus,$nno. 1
245 10$aAnimus 1,$bfor trombone and tape.
260 0 $a[New York]$bMCA Music$c[1967]
300   $a2 scores (11 p.)$c28 x 46 cm.
650  0$aTrombone and electronic music.
988   $a20020608
906   $0RLIN

