LEADER 00918ncm a22003011a 4500
001 002000716-7
005 20020606093309.7
008 900803s1973    nyuzzaa        n 1  und d
010   $a   74229026 /M
028 32$a16434-41$bMCA
035 0 $aocm00959554
035 1 $aMAHSRC18323C
035 1 $zCUBG85C3785
040   $cIEN$dIEN$dCStRLIN$dCU$dMH-Mu
045 0 $bd1968
048   $avb01$apz02$aeb01
050 00$aM1613.3.D79$bA62
100 1 $aDruckman, Jacob,$d1928-1996.
240 10$aAnimus,$nno. 2
245 10$aAnimus 2 :$bfor soprano (mezzo), two percussion players, and tape /$cJacob Druckman.
260 0 $aNew York :$bMCA Music,$cc1973.
300   $a1 score (31 p.) ;$c23 x 31 cm.
500   $aThe text is arbitrary syllables.
500   $aDuration: 20 min.
650  0$aSongs (Medium voice) with instrumental ensemble$xScores.
650  0$aElectronic music.
988   $a20020608
906   $0RLIN

