LEADER 00966ncm a22003011a 4500
001 002000717-5
005 20020606093309.7
008 900803s1978    xx zza         n 1       
010   $a   81770657 /M
028 32$aB.W.I.268$bBoosey & Hawkes
035 0 $aocm07165394
035 1 $aMAHSRC18324C
035 1 $zNJPG86C1723
040   $dMH-Mu
041 0 $gengfreger
045 0 $bd1969
048   $awc01$aeb01
050 0 $aM72$b.D
100 1 $aDruckman, Jacob,$d1928-1996.
240 10$aAnimus,$nno. 3
245 10$aAnimus III :$bfor clarinet and electronic tape = pour clarinette et bande magnétique = für Klarinette und elektronisches Tonband /$cJacob Druckman.
260 0 $a[S.l.] :$bBoosey & Hawkes,$cc1978.
300   $a1 score ([17] p.) ;$c31 x 35 cm.
500   $aDuration: 16:00.
500   $aIncludes instructions for performance in English, French, and German.
650  0$aClarinet and electronic music.
988   $a20020608
906   $0RLIN

