LEADER 01198ncm a22003491a 4500
001 002000718-3
005 20020606093309.7
008 900803s1976    xxuzza   deh   n 1  eng  
010   $a   76771907 /M
028 20$aOct. 5901$bBoosey & Hawkes
028 20$aOct. 5902$bBoosey & Hawkes
028 20$aOct. 5916$bBoosey & Hawkes
035 0 $aocm02748672
035 1 $aMAHSRC18325C
035 1 $zCSCW88C128
040   $a**$c*NN*$dCLSU$dCStRLIN$dMH-Mu
041 0 $eeng$geng
045 0 $bd1963
048   $aca08
050 00$aM1586$b.D$aM1619.5.H77
100 1 $aDruckman, Jacob,$d1928-1996.
245 10$aAntiphonies /$cJacob Druckman ; poems by Gerard Manley Hopkins.
260 0 $a[S.l.] :$bBoosey & Hawkes,$cc1976.
300   $a1 score (3 v.) ;$c27 cm.
500   $aFor double chorus (SATB each) unacc. ; includes piano reduction for rehearsal.
500   $aEnglish words also printed as text preceeding the score in each vol.
500   $aCover title.
600 10$aHopkins, Gerard Manley,$d1844-1889$xMusical settings.
650  0$aChoruses, Secular (Mixed voices, 8 parts), Unaccompanied.
700 1 $aHopkins, Gerard Manley,$d1844-1889.
988   $a20020608
906   $0RLIN

