LEADER 01099ncm a22002891  4500
001 002000719-1
005 20020606093309.7
008 900803c19681963pausga         n 0  eng  
010   $a   68039182 /M
035 0 $aocm20610500
035 1 $aMAHSRC18326C
035 1 $zCKPG89C4385
040   $aDLC$c*IUG*$dCStRLIN$dMH-Mu
048   $bvb01$abb02$aba01$abd01$abe01$apz02
050 00$aM2.S69$bA5 1968, no.81
100 1 $aDruckman, Jacob,$d1928-1996.
245 10$aDark upon the harp,$bpsalms for mezzo soprano, brass, and percussion.
260 0 $aBryn Mawr, Pa.,$bT. Presser Co.$c[1968, c1963]
300   $ascore (61 p.)$c31 cm.
490 1 $aSociety for the Publication of American Music. [Publication]$v47th season [no. 81]
500   $aFor mezzo-soprano, 2 trumpets, horn, trombone, tuba, and 2 percussion players.
500   $aDuration: about 18 min.
650  0$aSacred songs (Medium voice) with instrumental ensemble$xScores.
650  0$aPsalms (Music)
830  0$aSociety for the Publication of American Music (Series).$n47th season.$n[no. 81]
988   $a20020608
906   $0DLC

