LEADER 00909ncm a22002771a 4500
001 002000721-3
005 20020606093309.7
008 900803c19811978xx sgbn  dh    n 1  mul d
020   $c$32.00
028 32$aH.P.S. 933$bBoosey & Hawkes
035 0 $aocm07515387
035 1 $aMAHSRC18328C
035 1 $zCASX86C363
040   $aNIC$cNIC$dPU$dCU$dMH-Mu
041 0 $afregeritalatmal
045 0 $bd1974
048   $bva01$aoa
100 1 $aDruckman, Jacob,$d1928-1996.
245 10$aLamia :$bfor soprano and orchestra /$cJacob Druckman.
260 0 $a[s.l.] :$bBoosey & Hawkes,$c1981, c1978.
300   $a1 miniature score (65 p.) ;$c27 cm.
500   $aWords, drawn from diverse sources, in French, German, Italian, Latin and Malay.
500   $aWords also printed as text, with English translation, p. [vi-vii]
650  0$aSongs (High voice) with orchestra$xScores.
988   $a20020608
906   $0RLIN

