LEADER 00778ncm a22002771a 4500
001 002000722-1
005 20090712120222.0
008 900803s1980    nyuzza   h     n 1      d
010   $a   81770547 
020   $c$7.50
028 32$aB.Org.31$bBoosey & Hawkes
035 0 $aocm07951263
035 1 $aMAHSRC18329C
035 1 $zNJPG85C390
040   $aCtY-Mus$cCtY-Mus$dCU$dMH-Mu
045 0 $bd1971
048   $akb01$aeb01
050 0 $aM11$b.D
100 1 $aDruckman, Jacob,$d1928-1996.
245 10$aOrison :$bfor organ and electronic tape /$cJacob Druckman.
260 0 $a[New York] :$bBoosey & Hawkes,$cc1980.
300   $a1 score (9 p.) ;$c27 x 35 cm.
500   $aDuration: 10:00.
650  0$aOrgan and electronic music$xScores.
988   $a20020608
906   $0RLIN

