LEADER 00786ncm a22002771  4500
001 002000723-X
005 20020606093309.7
008 900803s1967    nyuzza         n 0       
010   $a   68042908 /M
028 20$a15280-037$bMCA Music
035 0 $aocm00604687
035 1 $aMAHSRC18330C
035 1 $zCUBG87C996
040   $aTemple Univ Lib$dCStRLIN$dMdBPC$dCU$dMH-Mu
045 0 $bd1966
048   $asa02$asb01$asc01
050 00$aM452$b.D79 no.2
100 1 $aDruckman, Jacob,$d1928-1996.
240 10$aQuartets,$mviolins (2), viola, cello,$nno. 2
245 00$aString quartet no. 2.
260 0 $a[New York]$bMCA Music$c[c1967]
300   $aScore (22 p.)$c28 x 46 cm.
500   $aPl. no. 15280-037.
650  0$aString quartets$xScores.
988   $a20020608
906   $0RLIN

