LEADER 00763ncm a2200253 a 4500
001 002000724-8
005 20020606093309.7
008 900806s1970    nyucsz         n 1      d
028 32$aUS 1945$bMCA
035 0 $aocm22457639
035 1 $aMAHSRC18331C
035 1 $zCUBG84C389
040   $aCU$cCU$dMH-Mu
045 0 $bd1969
048   $asd01
100 1 $aDruckman, Jacob,$d1928-1996.
245 10$aValentine :$bfor solo contrabass /$cJacob Druckman.
260 0 $aNew York :$bMCA Music,$cc1970.
300   $a11 p. of music ;$c28 x 36 cm.
500   $a"Written in analog notation ... Employs vocal sounds and sounds made with a soft, felt headed timpani stick."
650  0$aDouble bass music.
650  0$aAleatory music.
988   $a20020608
906   $0RLIN

