LEADER 00697ncm a22002651  4500
001 002000725-6
005 20020606093309.7
008 900806s1973    nyuzza   z     n 0       
010   $a   74217377 /M
035 0 $aocm01028240
035 1 $aMAHSRC18332C
035 1 $zNYCG84C121
040   $a**$cPU$d*m/c*$dCU$dCStRLIN$dMH-Mu
045   $ax4x7
048   $aoa
050 00$aM1045.D759$bW6
100 1 $aDruckman, Jacob,$d1928-1996.
245 10$aWindows.
260 0 $a[New York]$bMCA Music$c[c1973]
300   $ascore (66 p.)$c31 cm.
500   $aFor orchestra.
500   $aIncludes instructions for performance.
650  0$aOrchestral music$xScores.
988   $a20020608
906   $0RLIN

