LEADER 01291ncm a22003251  4500
001 002000726-4
005 20020606093309.7
008 900806s1969    hu zza   hi    n 0       
010   $a   79251220 /M
028 20$aZ.5988$bEditio Musica
035 0 $aocm01573860
035 1 $aMAHSRC18333C
035 1 $zINIS1573860C
040   $aDLC$cTxU$dm.c.$d*IUG*$d*RER*$dCStRLIN$dMH-Mu
041 0 $genggerhun
048   $awb01$asa01$asb01$asc01
050 0 $aM462$b.D74 F maj.
100 1 $aDruschetzky, Georg,$d1745-1819.
240 10$aQuartets,$moboe, violin, viola, cello,$rF major
245 00$aQuartetto in Fa maggiore$bper oboe, violino, viola e violoncello.$cA budapesti Országos Széchényi Könyvtár eredeti kéziratai alapján közreadja Vécsey Jenő. According to the original MS. preserved at the National Széchényi Library in Budapest, edited by Vécsey Jenő.
260 0 $aBudapest,$bEditio Musica,$cl969.
300   $ascore (32 p.) & 4 parts.$c29 cm.
440  0$aMusica rinata,$vno. 15
500   $aThe MS. has the designation "MS. mus. 1.568."
500   $aPreface in English, German, Hungarian.
500   $aPl. no. Z.5988.
650  0$aQuartets (Oboe, violin, viola, cello)$xScores and parts.
700 1 $aVécsey, Jenő.
988   $a20020608
906   $0DLC

