LEADER 00866ncm a22002771a 4500
001 002000727-2
005 20020606093309.7
008 900806s1980    sz coau        n 1       
010   $a   81770807 /M/r85
028 32$a10160$bKunzelmann
035 0 $aocm12916711
035 1 $aMAHSRC18334C
035 1 $zDCLC81770807C
040   $dCStRLIN$dMH-Mu
048   $bwb01$aoa
050 0 $aM1022$b.D78 Fmaj.
100 1 $aDruschetzky, Georg,$d1745-1819.
240 10$aConcertos,$moboe, orchestra,$rF major
245 00$aConcerto F-Dur für Oboe und Orchester /$cGeorg Druschetzky ; herausgegeben von Alexander Weinmann.
250   $aKunzelmann octavo edition.
260 0 $aAdliswil :$bKunzelmann,$c[1980]
300   $a1 score (30 p.) ;$c27 cm.
650  0$aConcertos (Oboe)$xScores.
700 1 $aWeinmann, Alexander,$d1901-1987.
988   $a20020608
906   $0RLIN

