LEADER 01147ccm a2200301 a 4500
001 002000728-0
005 20020606093309.7
008 900807s1969    au suz         n 1       
010   $a   76227360 /M
028 22$aD.12.929--D.12.934$bVerlag Doblinger
035 0 $aocm02353725
035 1 $aMAHSRC18335C
040   $aDLC$cPNwC$d*m/c*$dMBCM$d*RER*$dCStRLIN$dMH-Mu
048   $awb02$awc02$aba02$awd02
050 0 $aM856.D78$bP4 no.1-6
100 1 $aDruschetzky, Georg,$d1745-1819.
240 10$aPartitas,$mwoodwinds, horns (2)
245 00$aSechs Partiten, für 2 Oboen, 2 Klarinetten, 2 Hörner, und 2 Fagotte /$cGeorg Druschetzky ; [hrsg. von] Alexander Weinmann.
260 0 $aWien :$bVerlag Doblinger,$cc1969.
300   $a8 parts (6 v.) ;$c30 cm.
440  0$aDiletto musicale ;$vNr. 264-269
500   $aFor 2 oboes, 2 clarinets, 2 horns, and 2 bassoons.
500   $aCover title.
650  0$aSuites (Bassoons (2), clarinets (2), horns (2), oboes (2))$xParts.
650  0$aWind octets (Bassoons (2), clarinets (2), horns (2), oboes (2))$xParts.
700 1 $aWeinmann, Alexander,$d1901-1987.
988   $a20020608
906   $0DLC

