LEADER 01476ccm a2200337   4500
001 002000729-9
005 20020606093309.7
008 900806s1958    cs zza   ehi   n 0       
010   $am  60002323 
028 20$aH 2304$bStátní nakl. krásné literatury, hudby a umění
035 0 $aocm82550311
035 1 $aMAHSRC18336C
040   $aDLC$cOCU$dOCoLC$d*RER*$dCStRLIN$dMH-Mu
041 0 $gczegereng
048   $awb02$aba02$awd01
050 00$aM2.M637$bvol.35
245 00$aSerenate boeme, partite e notturni.
260 0 $aPraha,$bStátní nakl. krásné literatury, hudby a umění$c[c1958]
300   $axiii p., score (28 p.)$bfacsim.$c31 cm.
440  0$aMusica antiqua Bohemica,$v35
500   $aPrincipally for 2 oboes, 2 horns, and bassoon.
500   $aBiographical and analytical notes in Czech, German, and English; p.iii-viii.
500   $aPl. no. H 2304.
505 0 $aKammel, A. Serenata in G.--Družecký, J. Partita in F.--Dušek, F. X. Parthia.--Mašek, V. Notturno in F.
650  0$aWind quintets (Bassoon, horns (2), oboes (2))$xScores.
700 12$aDruschetzky, Georg,$d1745-1819.$tPartitas,$moboes (2), horns (2), bassoon,$rF major.
700 12$aKammel, Antonín,$d1730-$tSerenade,$moboe, bassoon, horns (2),$rG major.
700 12$aDušek, František Xaver,$d1731-1799.$tPartitas,$mwoodwinds, horns (2),$nS. 49,$rF major.
700 12$aMašek, Václav Vincenc,$d1755-1831.$tNotturnos,$rF major.
988   $a20020608
906   $0DLC

