LEADER 01265ccm a22003251  4500
001 002000730-2
005 20020606093309.7
008 900806s1969    gw sua         n 0       
010   $a   70211284 /M/r70
028 30$a2113$bBreitkopf & Härtel
028 20$aWb.986$bBreitkopf & Härtel
035 0 $aocm01386398
035 1 $aMAHSRC18337C
040   $aDLC$cMBU$d*RER*$dCStRLIN$dMH-Mu
048   $awb02$aba02$awd01
050 0 $aM2$b.C6437 Nr.113
100 1 $aDruschetzky, Georg,$d1745-1819.
240 10$aPartitas,$moboes (2), horns (2), bassoon,$nno. 9,$rF major
245 00$aPartita Nr. 9, in F,$bfür zwei Oboen, zwei Hörner und Fagott.$cHrsg. von Alexander Weinmann.
260 0 $aWiesbaden,$bBreitkopf & Härtel,$c[c1969]
300   $ascore (10 p.) and 5 parts.$c31 cm.
440  0$aBreitkopf & Härtels Kammermusik-Bibliothek,$vNr. 2113
490 1 $aCollegium musicum; Auswahl älterer Kammermusikwerke für den praktischen Gebrauch,$vNr. 113
500   $aFor 2 oboes, 2 horns, and bassoon.
500   $aPl. no. Wb.986.
650  0$aSuites (Bassoon, horns (2), oboes (2))$xScores and parts.
700 1 $aWeinmann, Alexander,$d1901-1987.
830  0$aCollegium musicum (Wiesbaden, Germany);$vNr. 113.
988   $a20020608
906   $0DLC

