LEADER 01291ncm a22003371  4500
001 002000731-0
005 20020606093309.7
008 900806s1969    gw sua         n 1       
010   $a   73211285 /M/r70
028 30$a2114$bBreitkopf & Härtel
028 20$aWb.987$bBreitkopf & Härtel
035 0 $aocm01335384
035 1 $aMAHSRC18338C
035 1 $zIAUG90C93
040   $aDLC$cMBU$d*RER*$dCStRLIN$dMH-Mu
048   $awb02$awd01$aba02
050 0 $aM2$b.C6437 Nr.114
100 1 $aDruschetzky, Georg,$d1745-1819.
240 10$aPartitas,$moboes (2), horns (2), bassoon,$nno. 10,$rF major
245 00$aPartita Nr. 10, in F, für zwei Oboen, zwei Hörner und Fagott.$cHrsg. von Alexander Weinmann.
260 0 $aWiesbaden,$bBreitkopf & Härtel$c[c1969]
300   $ascore (9 p.) and 5 parts.$c31 cm.
440  0$aBreitkopf & Härtels Kammermusik-Bibliothek,$vNr. 2114
490 1 $aCollegium musicum; Auswahl älterer Kammermusikwerke für den praktischen Gebrauch,$vNr. 114
500   $aFor 2 oboes, 2 horns, and bassoon.
500   $aPl. no. Wb.987.
650  0$aSuites (Bassoon, horns (2), oboes (2))$xScores and parts.
700 1 $aWeinmann, Alexander,$d1901-1987.
830  0$aCollegium musicum (Wiesbaden, Germany) ;$vNr. 114.
988   $a20020608
906   $0DLC

