LEADER 01076ncm a22002891  4500
001 002000732-9
005 20020606093309.7
008 900806s1967    sz sua         n 0       
010   $a   68042889 /M/r70
035 0 $aocm04860775
035 1 $aMAHSRC18339C
035 1 $zPATG85C1910
040   $cCU-A$dCU-A$dPPT$dMH-Mu
048   $awc02$awd02$aba02
050 00$aM657.D8$bP4
100 1 $aDruschetzky, Georg,$d1745-1819.
240 10$aPartitas,$mclarinets (2), horns (2), bassoons (2),$rE♭ major
245 00$aPartita, Es-dur,$bfür 2 clarinetti, 2 corni e 2 fagotti.$cHrsg. von Fritz Kneusslin.
260 0 $aBasel,$bEdition Kneusslin,$cc1967.
300   $aScore (22 p.)$c32 cm.
440  0$aFür Kenner und Liebhaber,$vno. 35
500   $aCover title.
500   $a"Based on manuscript parts belonging to the Allgemeine Musikgesellschaft in Zurich ... The origianal last movement ... replaced by the finale of another partita."
650  0$aSuites (2 bassoons, 2 clarinets, 2 horns)$xScores.
700 1 $aKneusslin, Fritz.
988   $a20020608
906   $0RLIN

