LEADER 01242ncm a22003251  4500
001 002000733-7
005 20020606093309.7
008 900806s1969    gw sua         n 1       
010   $a   79215607 /M/r70
028 30$a2115$bBreitkopf & Härtel
028 20$aWb.988$bBreitkopf & Härtel
035 0 $aocm01326931
035 1 $aMAHSRC18340C
035 1 $zIAUG90C92
040   $aDLC$cMBU$d*RER*$dCStRLIN$dMH-Mu
048   $awb02$aba02$awd01
050 00$aM2$b.C6437 Nr.115
100 1 $aDruschetzky, Georg,$d1745-1819.
240 10$aPartitas,$moboes (2), horns (2), bassoon,$nno. 13,$rB♭ major
245 00$aPartita Nr. 13 in B,$bfür zwei Oboen, zwei Hörner und Fagot.$cHrsg. von Alexander Weinmann.
260 0 $aWiesbaden,$bBreitkopf & Härtel$c[c1969]
300   $ascore (11 p.) and 5 parts.$c31 cm.
490 1 $aCollegium musicum: Auswahl älterer Kammermusikwerke für den praktischen Gebrauch,$vNr. 115
500   $aBreitkopf & Härtels Kammermusik-Bibliothek, Nr. 2115.
500   $aPl. no. Wb.988.
650  0$aSuites (Bassoon, horns (2), oboes (2))$xScores and parts.
700 1 $aWeinmann, Alexander,$d1901-1987.
830  0$aCollegium musicum (Wiesbaden, Germany);$vNr. 115.
988   $a20020608
906   $0DLC

