LEADER 01302ncm a22003371  4500
001 002000734-5
005 20020606093309.7
008 900806s1969    gw sua         n 1       
010   $a   77211286 /M/r70
028 20$aWb.989$bBreitkopf & Härtel
028 30$a2116$bBreitkopf & Härtel
035 0 $aocm01325857
035 1 $aMAHSRC18341C
035 1 $zIAUG90C94
040   $aDLC$cMBU$d*RER*$dCStRLIN$dMH-Mu
048   $awb02$aba02$awd01
050 0 $aM2$b.C6437 Nr.116
100 1 $aDruschetzky, Georg,$d1745-1819.
240 10$aPartitas,$moboes (2), horns (2), bassoon,$nno. 21,$rG major
245 00$aPartita Nr. 21, in G,$bfür zwei Oboen, zwei Hörner und Fagott (al Valet).$cHrsg. von Alexander Weinmann.
260 0 $aWiesbaden,$bBreitkopf & Härtel$c[1969]
300   $ascore (12 p.) and 5 parts.$c31 cm.
440  0$aBreitkopf & Härtels Kammermusik-Bibliothek,$vNr. 2116
490 1 $aCollegium musicum: Auswahl älterer Kammermusikwerke für den praktischen Gebrauch,$vNr. 116
500   $aFor 2 oboes, 2 horns, and bassoon.
500   $aPl. no. Wb.989.
650  0$aSuites (Bassoon, horns (2), oboes (2))$xScores and parts.
700 1 $aWeinmann, Alexander,$d1901-1987.
830  0$aCollegium musicum (Wiesbaden, Germany);$vNr. 116.
988   $a20020608
906   $0DLC

