LEADER 01277ncm a22003371a 4500
001 002000735-3
005 20020606093309.7
008 900806m19681969hu zzaa  eh    n 1      d
028 20$aZ. 5252$bZeneműkiadó
028 20$aZ. 5637$bEditio Musica
035 0 $aocm21813237
035 1 $aMAHSRC18342C
035 1 $zCUBG85C2802
040   $aCU$cCU$dMH-Mu
041 0 $genggerhun
045 0 $bd1807
048   $awb01$asa01$asb01$asc01
100 1 $aDruschetzky, Georg,$d1745-1819.
240 10$aQuartets,$moboe, violin, viola, cello,$rE♭ major
245 00$aQuartetto in mi♭ maggiore per oboe, violino, viola e violoncello /$cGeorg Druschetzky ; a budapesti Országos Széchényi Könyvtár eredeti kéziratai alapján közreadja Jeno Vécsey.
254   $aPartitúra ; Szólamok.
260 0 $aBudapest :$bZeneműkiadó,$c1968, c1969 (parts)
300   $a1 score (35 p.) + 4 parts ;$c29 cm.
440  0$aMusica rinata ;$vno. 14
500   $aEdited from a ms. in the National Széchényi Library in Budapest (Ms. mus. 1.560).
500   $aPreface in English, German, and Hungarian.
500   $aPl. no. Z.5252, Z.5687.
650  0$aQuartets (Oboe, violin, viola, cello)$xScores and parts.
700 1 $aVécsey, Jenő.
988   $a20020608
906   $0RLIN

