LEADER 00994ccm a2200277   4500
001 002000736-1
005 20020606093309.7
008 900806s1970    hu zzaa  hi    n 1      d
028 22$aZ.6077--6078$bEditio Musica
035 0 $aocm22457640
035 1 $aMAHSRC18343C
040   $aCU$cCU$dMH-Mu$dMH-Mu
041 0 $genggerhun
045   $av6w1
048   $awb01$asa01$asb01$asc01
100 1 $aDruschetzky, Georg,$d1745-1819.
240 10$aQuartets,$moboe, violin, viola, cello,$rG minor
245 00$aQuartetto in sol minore per oboe, violino, viola e violoncello.$cA budapesti Országos Széchényi Könyvtár eredeti kéziratai alapján közreadja Jeno Vécsey.
260   $aBudapest,$bEditio Musica,$c1970.
300   $ascore (28 p.) and 4 parts.$c289 cm.
440  0$aMusica rinata,$vno. 16
500   $aPref. in English, German and Hungarian.
650  0$aQuartets (Oboe, violin, viola, cello)$xScores and parts.
700 1 $aVécsey, Jenő.
988   $a20020608
906   $0RLIN

