LEADER 00835ccm a22002771  4500
001 002000737-X
005 20020606093309.7
008 900807s1965    gw zzz         n 0       
010   $a   65088324 /M/r70
028 30$a3286$bN. Simrock
035 0 $aocm22457641
035 1 $aMAHSRC18344C
040   $aDLC$cMH-Mu$dMH-Mu
048   $asa02$asb01$asc01
050 00$aM452$b.D797 no.3, .S4
100 1 $aDruschetzky, Georg,$d1745-1819.
240 10$aQuartets,$mviolins (2), viola, cello,$nno. 3,$rD major
245 00$aQuartetto no. 3 in D.$c[Hrsg. und bearb. von] Schwamberger.
250   $aErstausg.
260 0 $aHamburg,$bN. Simrock$c[c1965]
300   $a4 parts.$bfacsim.$c31 cm.
490 0 $aElite Edition,$v3286
650  0$aString quartets$xParts.
700 1 $aSchwamberger, Karl Maria.
988   $a20020608
906   $0DLC

