LEADER 00787ccm a22002531i 4500
001 002000738-8
005 20020606093309.7
008 900807s1973    it muzn        n 1|     d
028 20$aE. 1717 B$bEdizioni Musicali Bèrben
035 0 $aocm06521698
035 1 $aMAHSRC18345C
040   $aIEN$dCStRLIN$dMH-Mu
047   $aft$afg
048   $atb01
100 1 $aDuarte, John W.
245 10$aFantasia and fugue on "Torre bermeja" :$bop. 30 : for guitar /$cJohn W. Duarte ; diteggiatura di Angelo Gilardino.
260 0 $aAncona :$bEdizioni Musicali Bèrben,$c[c1973]
300   $a13 p. ;$c32 cm.
440  0$aCollezione di musiche per chitarra
650  0$aCanons, fugues, etc. (Guitar)
650  0$aGuitar music.
700 1 $aGilardino, Angelo.
988   $a20020608
906   $0RLIN

