LEADER 00760ccm a22002411i 4500
001 002000739-6
005 20020606093309.7
008 900807s1975    it vrzn        n 1|     d
028 20$aE. 2042 B.$bEdizioni musicali Bèrben
035 0 $aocm22457642
035 1 $aMAHSRC18346C
040   $aIEN$dCStRLIN$dMH-Mu
048   $atb01
100 1 $aDuarte, John W.
245 10$aMutations on the Dies Irae :$bop. 58, for guitar /$cJohn W. Duarte ; revisione e diteggiatura di Angelo Gilardino.
260 0 $aAncona :$bEdizioni Musicali Bèrben,$c[c1975]
300   $a16 p. ;$c32 cm.
440  0$aCollezione di musiche per chitarra
500   $aPl. no. E. 2042 B.
650  0$aVariations (Guitar)
700 1 $aGilardino, Angelo.
988   $a20020608
906   $0RLIN

