LEADER 00698ncm a22002411i 4500
001 002000740-X
005 20020606093309.7
008 900807s1976    dcusuz         n 1      d
028 20$aCO 215$bColumbia Music Co.
035 0 $aocm04078025
035 1 $aMAHSRC18347C
035 1 $zCASX89C1756
040   $aCU-A$cCU-A$dCU-SB$dMH-Mu
100 1 $aDuarte, John W.
240 10$aPartita,$mguitar
245 00$aPartita /$cby John W. Duarte ; fingered by Carlos Barbosa-Lima.
260 0 $aWashington, D.C. :$bColumbia Music Co.,$c[c1976]
300   $a28 p. ;$c31 cm.
500   $aPl. no. CO 215.
650  0$aSuites (Guitar)
700 2 $aBarbosa-Lima, Carlos,$d1944-
988   $a20020608
906   $0RLIN

