LEADER 00730ncm a22002411a 4500
001 002000741-8
005 20020606093309.7
008 900807s1975    it zzzn        n 1|     d
028 22$aE.2043 B$bEdizioni musicali Bèrben.
035 0 $aocm06184186
035 1 $aMAHSRC18348C
035 1 $zCASX90C230
040   $aIEN$dCStRLIN$dCU-SB$dMH-Mu
048   $atb01
100 1 $aDuarte, John W.
245 10$aSua cosa :$bop. 52 : for guitar /$cJohn W. Duarte ; diteggiatura di Angelo Gilardino.
260 0 $aAncona :$bEdizioni musicali Bèrben,$cc1975.
300   $a7 p. of music ;$c32 cm.
440  0$aCollezione di musiche per chitarra
650  0$aGuitar music.
700 1 $aGilardino, Angelo.
988   $a20020608
906   $0RLIN

