LEADER 00893ncm a22002771  4500
001 002000742-6
005 20020606093309.7
008 900807s1956    fr ftb         n 0       
010   $am  57000561 
028 20$aA. L. 21,712$bA. Leduc
035 0 $aocm05902792
035 1 $aMAHSRC18349C
035 1 $zOKUG89C259
040   $aDLC$cInU$dInU$dm.c.$d*m/c*$d*RER*$dCStRLIN$dMH-Mu
045   $ax5x5
048   $awa01$awb01$awc01$awd01$aba01
050 00$aM557.D8$bF3
100 1 $aDubois, Pierre Max,$d1930-1995.
240 10$aFantasia,$mwoodwinds, horn
245 00$aFantasia pour flûte, hautbois, clarinette, cor et basson.
260 0 $aParis,$bA. Leduc$c[c1956]
300   $aminiature score (35 p.)$c22 cm.
505 0 $aParade. - Chanson triste. - Burlesque. - Remembrance.
650  0$aWind quintets (Bassoon, clarinet, flute, horn, oboe)$xScores.
988   $a20020608
906   $0DLC

