LEADER 00842ncm a22002651a 4500
001 002000743-4
005 20020606093309.7
008 900806s1982    fr ovau        n 1       
010   $a   82772217 /M/r84
028 22$aR 1891 RC$bEditions rideau rouge
035 0 $aocm10709736
035 1 $aMAHSRC18350C
035 1 $zNYCX85C235
040   $dCStRLIN$dMH-Mu
048   $aob
050 00$aM1004.D812$bH6 1982
100 1 $aDubois, Pierre Max,$d1930-1995.
245 10$aHommage à Rabelais :$bouverture pour orchestre de chambre /$cPierre Max Dubois.
260 0 $aParis :$bEditions rideau rouge,$cc1982.
300   $a1 score (24 p.) ;$c30 cm.
500   $aCaption title.
650  0$aOvertures (Chamber orchestra)$xScores.
600 10$aRabelais, François,$dapproximately 1490-1553?$xSongs and music.
988   $a20020608
906   $0RLIN

