LEADER 00725ncm a22002291i 4500
001 002000744-2
005 20020606093309.7
008 900806s1976    fr sua         n 1      d
028 20$aR.1332 R.C.$bEditions Rideau rouge
035 0 $aocm22457643
035 1 $aMAHSRC18351C
040   $aMH-Mu$cMH-Mu
048   $asa01$aka01
100 1 $aDubois, Pierre Max,$d1930-1995.
245 10$aMeli melo :$bpour violon avec acc. de piano /$cPierre Max Dubois.
260 0 $aParis :$bEditions Rideau rouge,$c1976.
300   $aScore (7 p.) and part ;$c31 cm.
500   $aPl. no. R.1332 R.C.
505 0 $aDencerie.--Balançoires.--Campagnarde.
650  0$aSuites (Violin and piano)$xScores and parts.
988   $a20020608
906   $0MH

