LEADER 00858ncm a22002771  4500
001 002000745-0
005 20020606093309.7
008 900806s1962    fr zzb         n 0       
010   $a   63043166 /M
028 20$aA.L. 23,090$bA. Leduc
035 0 $aocm17711510
035 1 $aMAHSRC18352C
035 1 $zINIS17711510C
040   $aDLC$c*YUU*$dm.c.$d*IUG*$dCStRLIN$dMH-Mu
048   $aba02$abb02$abd02$abe01
050 0 $aM757.D82$bS5
100 1 $aDubois, Pierre Max,$d1930-1995.
240 10$aSeptet,$mbrasses
245 00$aSeptuor pour 2 trompettes, 2 cors, 2 trombones, 1 tuba.
260 0 $aParis,$bA. Leduc$c[c1962]
300   $aminiature score (44 p.)$c21 cm.
500   $aDuration: 13 min.
500   $aPl. no.: A.L. 23,090.
650  0$aBrass septets (Horns (2), trombones (2), trumpets (2), tuba)$xScores.
988   $a20020608
906   $0DLC

