LEADER 01011ccm a22003011  4500
001 002000746-9
005 20020606093309.7
008 900806s1965    fr sub         n 0       
010   $a   66038526 /M
035 0 $aocm05153624
035 1 $aMAHSRC18353C
035 1 $zMIUG89C3773
040   $cMiU$dMiU$dMH-Mu
045   $ax5x6
048   $awa01$awb01$awc01$awd01$awi01$aba01
048   $awa01$awb01$awc02$awd01$aba01
050 0 $aM657.D846$bS5
100 1 $aDubois, Pierre Max,$d1930-1995.
245 10$aSinfonia da camera,$bpour sextuor à vent.
260 0 $aParis,$bA. Leduc$c[1965]
300   $aminiature score (84 p.)$c21 cm.
500   $aFor flute, oboe, clarinet, alto saxophone (or clarinet) horn, and bassoon.
500   $aDuration: 17 min.
505 0 $aEntrée. - Gigue en rondeau. - Variations.
650  0$aSuites (Bassoon, clarinet, flute, horn, oboe, saxophone)$xScores.
650  0$aSuites (Bassoon, clarinets (2), flute, horn, oboe)$xScores.
988   $a20020608
906   $0RLIN

