LEADER 00680ncm a22002531  4500
001 002000747-7
005 20020606093309.7
008 900806s1965    fr snz         n 0       
010   $a   66032647 /M
028 20$aA.L.23487$bA. Leduc
035 0 $aocm01317482
035 1 $aMAHSRC18354C
035 1 $zNYRS1317482C
040   $cOKentU$d*m/c*$d*RER*$dCStRLIN$dMH-Mu
048   $awc01
050 00$aM72$b.D
100 1 $aDubois, Pierre Max,$d1930-1995.
245 00$aSonata brève,$bpour clarinette seule en si♭.
260 0 $aParis,$bA. Leduc$c[1965]
300   $a7 p.$c34 cm.
500   $aDuration: 14 min.
650  0$aSonatas (Clarinet)
988   $a20020608
906   $0RLIN

