LEADER 00730ncm a22002531  4500
001 002000748-5
005 20020606093309.7
008 900806s1959    fr snaa        n 0       
010   $am  60000383 
035 0 $aocm02552924
035 1 $aMAHSRC18355C
035 1 $zINIS2552924C
040   $aDLC$cKyLoS$dm.c.$d*m/c*$d*IUG*$dCStRLIN$dMH-Mu
048   $awa01$aka01
050 0 $aM242$b.D
100 1 $aDubois, Pierre Max,$d1930-1995.
240 10$aSonatas,$mflute, piano
245 00$aSonate pour flûte et piano.
260 0 $aParis,$bA. Leduc$c[c1959]
300   $ascore (25 p.) and part.$c35 cm.
500   $aDuration: about 19 min.
650  0$aSonatas (Flute and piano)$xScores and parts.
988   $a20020608
906   $0DLC

