LEADER 00738ncm a22002531  4500
001 002000749-3
005 20020606093309.7
008 900806s1963    fr snaa        n 0       
010   $a   63047417 /M
028 20$aA.L. 23.273$bA. Leduc
035 0 $aocm12948105
035 1 $aMAHSRC18356C
035 1 $zNYRS12948105C
040   $aDLC$c*RER*$d*RER*$dCStRLIN$dMH-Mu
048   $asa01$aka01
050 00$aM219$b.D818 op.91
100 1 $aDubois, Pierre Max,$d1930-1995.
240 10$aSonatas,$mviolin, piano,$nop. 91
245 00$aSonate, pour violon et piano.
260 0 $aParis,$bA. Leduc$c[1963]
300   $ascore (36 p.) and part.$c34 cm.
650  0$aSonatas (Violin and piano)$xScores and parts.
988   $a20020608
906   $0DLC

