LEADER 00625ccm a22002171i 4500
001 002000750-7
005 20020606093309.7
008 900806s1977    fr tcz         n 1|     d
028 20$aM.E. 8326$bEditions M. Eschig
035 0 $aocm04654919
035 1 $aMAHSRC18357C
040   $aIEN$dCStRLIN$dMH-Mu
100 1 $aDubois, Pierre Max,$d1930-1995.
245 10$aStrepitoso :$btoccata no. 3, pour piano /$cPierre-Max Dubois.
246 3 $aToccata, no. 3.
260 0 $aParis :$bEditions M. Eschig,$c[c1977]
300   $a12 p. ;$c32 cm.
500   $aPl. no. M.E. 8326.
650  0$aPiano music.
988   $a20020608
906   $0RLIN

