LEADER 00594ncm a22002291  4500
001 002000751-5
005 20020606093309.7
008 900806s1890    ilufta         n 0      d
028 20$a4$bSummy
035 0 $aocm22457644
035 1 $aMAHSRC18358C
040   $aMH-Mu$cMH-Mu
045 0 $bd1889
048   $bkb01$aoa
100 1 $aDubois, Théodore,$d1837-1924.
245 10$aFantasie triomphale,$bfor grand organ and orchestra.
260 0 $aChicago,$bSummy,$cc1890.
300   $aScore (32 p.)
500   $aPl. no. 4.
650  0$aOrgan with orchestra$xScores.
988   $a20020608
906   $0MH

