LEADER 01418ccm a2200373 a 4500
001 002000752-3
005 20040514154423.0
008 900806s1883    fr btz   d     n 0      d
028 22$aH.7767$bHenri Heugel
035 0 $aocm22457645
035 1 $aMAHSRC18359C
040   $aMH-Mu$cMH-Mu
041 0 $gfre
045 0 $bd1883
048   $aka01
100 1 $aDubois, Théodore,$d1837-1924.
240 10$aFarandole;$oarranged
245 13$aLa farandole :$bballet en trois actes /$cde Ph. Gille, Arnold Mortier et L. Mérante ; musique de Théodore Dubois.
260   $aParis :$bHenri Heugel,$c[ca. 1883]
300   $a1 piano score (130 p.) ;$c28 cm.
500   $aArr. for piano by Dubois with instrumental cues; originally for orchestra.
500   $a"Représenté pour la première foix à Paris sur le théâtre de l'Opéra le 14 décembre 1883."
500   $aInterlined stage directions in French.
650  0$aBallets$vPiano scores.
700 1 $aGille, Philippe,$d1831-1901,$elibrettist.
700 1 $aMortier, Arnold,$d1843-1885,$elibrettist.
700 1 $aMérante, Louis,$d1828-1887,$echoreographer.
700 1 $aLebars, F.,$eformer owner.$5the
710 2 $aOpéra de Paris.
710 2 $aJohn Milton and Ruth Neils Ward Collection (Harvard Theatre Collection)$5the
730 0 $aFarandole (Choreographic work : Mérante)
752   $aFrance$dParis.
988   $a20020608
906   $0MH

