LEADER 00757ccm a22002531  4500
001 002000753-1
005 20020606093309.7
008 900806s1891    fr msz         n 0      d
028 20$aA.L. 8943$bLeduc
035 0 $aocm22457646
035 1 $aMAHSRC18360C
040   $aMH-Mu$cMH-Mu
048   $akb01
100 1 $aDubois, Théodore,$d1837-1924.
245 10$aMesse de marriage;$bcinq pièces pour orgue.
260 0 $aParis,$bLeduc,$cc1891.
300   $aScore (35 p.)
490 0 $aBibliothèque-Leduc. Musique religieuse
500   $aPl. no. A.L. 8943.
505 0 $aEntrée du cortège. - Bénédiction nuptiale. - Offertoire. - Invocation. - Laus Deo : sortie.
650  0$aOrgan masses.
650  0$aWedding music.
988   $a20020608
906   $0MH

