LEADER 00796ncm a22002771i 4500
001 002000754-X
005 20020606093309.7
008 900807s1884    fr mua         n 1      d
028 20$aH.7809$bH. Heugel
035 0 $aocm22457647
035 1 $aMAHSRC18361C
040   $aMH-Mu$cMH-Mu
045 1 $bd1883$bd1884
047   $abt$asu
048   $aoa
100 1 $aDubois, Théodore,$d1837-1924.
240 10$aFarandole.$pSuite,$nno. 1
245 03$aLa farandole :$bballet de l'Opera : suite d'orchestre /$cThéodore Dubois.
260 0 $aParis :$bH. Heugel,$c[1884?]
300   $aScore (91 p.) ;$c28 cm.
500   $aCaption title; t.p. lacking.
500   $aPl. no. H.7809.
650  0$aSuites (Orchestra)$xScores.
650  0$aBallets$xExcerpts$xScores.
988   $a20020608
906   $0MH

