LEADER 00757ncm a22002291  4500
001 002000755-8
005 20020606093309.7
008 900807s1926    fr zzb         n 0      d
028 20$aH.28986$bHeugel
035 0 $aocm22457648
035 1 $aMAHSRC18362C
040   $aMH-Mu$cMH-Mu
048   $awd01$awc01$awa01$awb01$asa02$asb01$asc01$asd01
100 1 $aDubois, Théodore,$d1837-1924.
240 10$aNonet,$nwoodwinds, strings
245 00$aNonetto,$bpour flûte, hautbois, clarinette, basson et quintette à cordes.
260 0 $aParis,$bHeugel$c[c1926]
300   $aminiature score (96 p.)
500   $aPL. no. H.28986.
650  0$aNonets (Bassoon, clarinet, flute, oboe, violins (2), viola, cello, double bass)$xScores.
988   $a20020608
906   $0MH

