LEADER 00574ncm a22002291  4500
001 002000756-6
005 20020606093309.7
008 900807s1957    fr tcz         n 0      d
028 20$aA.L.21736$bLeduc
035 0 $aocm22457649
035 1 $aMAHSRC18363C
040   $aMH-Mu$cMH-Mu
048   $akb01
100 1 $aDubois, Théodore,$d1837-1924.
240 10$aPièces,$morgan.$pToccata
245 10$aToccata pour orgue.
260 0 $aParis,$bLeduc$c[c1957]
300   $aScore (13 p.)
500   $aPl. no. A.L.21736.
650  0$aOrgan music.
988   $a20020608
906   $0MH

