LEADER 00666ccm a22002411  4500
001 002000757-4
005 20030613135254.0
008 900807q18501899fr zzz         n 0      d
028 20$aA.L.7642$bA. Leduc
035 0 $aocm20912102
035 1 $aMAHSRC18364C
040   $aMH-Mu$cMH-Mu
048   $akb01
100 1 $aDubois, Théodore,$d1837-1924.
240 10$aPièces,$morgan
245 00$aDouze pièces pour orgue ou piano-pédalier.
260 0 $aParis,$bA. Leduc$c[between 1850 and 1899?]
300   $aScore (71 p.)
490 0 $aBibliothèque Leduc. Musique religieuse
500   $aPl. no. A.L.7642.
650  0$aOrgan music.
988   $a20020608
906   $0MH

