LEADER 00623ncm a22002291i 4500
001 002000758-2
005 20020606093309.7
008 900807s1894    fr ova         n 1      d
028 20$aH.& Cie.9706$bHeugel
035 0 $aocm22457651
035 1 $aMAHSRC18365C
040   $aMH-Mu$cMH-Mu
048   $aoa
100 1 $aDubois, Théodore,$d1837-1924.
245 10$aOuverture de Frithiof /$cThéodore Dubois.
260 0 $aParis :$bHeugel,$cc1894.
300   $aScore (43 p.) ;$c33 cm.
500   $aCaption title; t.p. lacking.
500   $aPl. no. H.& Cie.9706.
650  0$aOvertures$xScores.
988   $a20020608
906   $0MH

