LEADER 00655ccm a22002411  4500
001 002000759-0
005 20020606093309.7
008 900807s1893    fr zzz         n 0      d
028 20$aA.L.9150$bLeduc
035 0 $aocm22249962
035 1 $aMAHSRC18366C
040   $aMH-Mu$cMH-Mu
048   $akb01
100 1 $aDubois, Théodore,$d1837-1924.
240 10$aPièces nouvelles
245 00$aDouze pièces nouvelles pour orgue ou piano-pédalier.
260 0 $aParis,$bLeduc,$cc1893.
300   $aScore (75 p.)
490 0 $aBibliothèque-Leduc. Musique religieuse
500   $aPl. no. A.L.9150.
650  0$aOrgan music.
988   $a20020608
906   $0MH

