LEADER 00862ncm a22002771  4500
001 002000760-4
005 20020606093309.7
008 900807s1899    nyumuc         n 0  lat  
010   $a   54000968 /M
035 0 $aocm63153485
035 1 $aMAHSRC18367C
035 1 $zMIUG90C3298
040   $cMiU$dMiU$dMH-Mu
041 1 $alateng$hfre
045 0 $bd1867
047   $act$aor
050 00$aM2023.D82$bS3 1899
100 1 $aDubois, Théodore,$d1837-1924.
240 10$aSept paroles du Christ.$sVocal score.$lEnglish & Latin
245 14$aThe seven last words of Christ.$b[A sacred cantata] for soli, chorus and orchestra. Vocal score, with Latin and English words.
260 0 $aNew York,$bG. Schirmer$c[1899]
300   $a79 p.$c26 cm.
650  0$aCantatas, Sacred$xVocal scores with piano.
650  0$aPassion music.
988   $a20020608
906   $0RLIN

