LEADER 01023ccm a22003371  4500
001 002000761-2
005 20020606093309.7
008 900807s1902    nyuorc         n 0  eng  
010   $a   68045603 /M
028 20$a16474$bG. Schirmer
035 0 $aocm05725225
035 1 $aMAHSRC18368C
035 1 $zMIUG90C47
040   $aCSt$cCSt$dMH-Mu
041 1 $aeng$hfre
045 0 $bd1879
048   $aca08
050 00$aM2003.D816$bP32
100 1 $aDubois, Théodore,$d1837-1924.
240 10$aParadis perdu.$sVocal score.$lEnglish
245 10$aParadise lost;$ba dramatical oratorio in four parts.$cWords by Edouard Blau, translated from the French by Th. Baker.
260 0 $aNew York,$bG. Schirmer,$c1902.
300   $aScore (204 p.)$c26 cm.
500   $aFor chorus (SSAATTBB)
500   $aWords in English.
500   $aPl. no. 16474.
650  0$aOratorios$xVocal scores with piano.
700 1 $aBlau, Edouard,$d1836-1906.
700 1 $aBaker, Theodore,$d1851-1934.
988   $a20020608
906   $0RLIN

