LEADER 00626ccm a22002291i 4500
001 002000762-0
005 20020606093309.7
008 900807s1908    fr sya         n 1      d
028 20$aH.& Cie.23947$bHeugel
035 0 $aocm13026096
035 1 $aMAHSRC18369C
040   $aMH-Mu$cMH-Mu
048   $aoa
100 1 $aDubois, Théodore,$d1837-1924.
245 10$aSymphonie française /$cThéodore Dubois.
260 0 $aParis :$bHeugel,$cc1908.
300   $aScore (193 p.) ;$c36 cm.
500   $aCaption title; t.p. lacking.
500   $aPl. no. H.& Cie.23947.
650  0$aSymphonies$xScores.
988   $a20020608
906   $0MH

