LEADER 00740ncm a22002291a 4500
001 002000763-9
005 20020606093309.7
008 900807s1907    fr zzaa        n 1      d
028 22$aH. & Cie. 23286$bHeugel
035 0 $aocm22457653
035 1 $aMAHSRC18370C
035 1 $zCSCW87C968
040   $aCLSU$cCLSU$dMH-Mu
048   $asa01$asb01$asc01$aka01
100 1 $aDubois, Théodore,$d1837-1924.
240 10$aQuartets,$mpiano, violin, viola, cello,$rA minor
245 00$aQuatuor en la mineur pour piano, violin, alto & violincelle /$cThéodore Dubois.
260 0 $aParis :$bHeugel,$cc1907.
300   $a1 score (61 p.) + 3 parts (12 p. each) ;$c32 cm.
650  0$aPiano quartets$xScores and parts.
988   $a20020608
906   $0RLIN

