LEADER 01267ccm a2200313 a 4500
001 002000764-7
005 20050822152500.0
008 900807s1895    fr opc         n 0  fre d
028 22$aH.et Cie.8142$bHeugel
035 0 $aocm21821091
035 1 $aMAHSRC18371C
035 1 $zCUBG85C1726
040   $aCU$cCU$dMH-Mu$dHMU
100 1 $aDubois, Théodore,$d1837-1924.
240 10$aXavière.$sVocal score
245 10$aXavière :$bidylle dramatique en trois actes /$cd'après le roman de F. Fabre ; poème (prose et verse) de Louis Gallet ; musique de Th. Dubois ; partition piano & chant.
260   $aParis :$bHeugel,$cc1895.
300   $a1 vocal score (244 p.) :$bfrontis. ;$c28 cm.
500   $aFirst ed., 2nd issue, with "Variante" on p. 244.
546   $aFrench words.
500   $aIncludes litho. frontispiece port. of the title character, inscribed to Dubois by Jules Lefebvre.
500   $aCast for 1st performance listed in preliminaries.
650  0$aOperas$vVocal scores with piano.
700 1 $aGallet, Louis,$d1835-1898.$4lbt
700 1 $aFabre, Ferdinand,$d1827-1898.$tXavière.
700 1 $aLefebvre, Jules,$d1836-1911.$4ill
710 2 $aRuth Neils and John M. Ward Collection of Opera Scores.$5mus
988   $a20020608
906   $0RLIN

