LEADER 00774ccm a22002651i 4500
001 002000765-5
005 20020606093309.7
008 900807s1970    hu zzaa        n 1      d
028 20$aZ. 6188$bEditio Musica
035 0 $aocm21051401
035 1 $aMAHSRC18372C
035 1 $zNYCX022C
040   $aNIC$cNIC$dCStRLIN$dMH-Mu
045 0 $bd1967
048   $awd01$aka01
100 1 $aDubrovay, László,$d1943-
240 10$aPezzi,$mbassoon, piano
245 00$aCinque pezzi per fagotto e pianoforte /$cDubrovay László.
260 0 $aBudapest :$bEditio Musica,$c1970.
300   $aScore (12 p.) & part ;$c31 cm.
500   $aPl. no.: Z. 6188.
500   $aDuration: ca. 7 min.
650  0$aBassoon and piano music$xScores and parts.
988   $a20020608
906   $0RLIN

