LEADER 00941ccm a22002891a 4500
001 002000766-3
005 20061027102839.0
008 900807s1983    fr rqa   i     n 1  lat d
028 22$aH. 32624$bHeugel
035 0 $aocm09793413
035 1 $aMAHSRC18373C
035 1 $zNYUG87C1708
040   $aPPT$cPPT$dIaU$dCU-A$dCU$dMH-Mu
041 0 $alat$gfreengger
045 0 $bd1606
100 1 $aDu Caurroy, Eustache,$d1549-1609.
240 10$aMissa pro defunctis
245 00$aMissa pro defunctis quinque vocum /$cE. Du Caurroy ; édition par Michel Sanvoisin.
260 0 $aParis :$bHeugel :$breprésentation exclusive pour le monde entier, A. Leduc,$cc1983.
300   $a1 score (36 p.) ;$c31 cm.
490 1 $aLe Pupitre ;$vL.P. 65
500   $aFor cantus, contratenor, tenor, quinta pars, and bassus.
650  0$aRequiems$vScores.
700 1 $aSanvoisin, Michel.
830  0$aPupitre ;$vL.P. 65.
988   $a20020608
906   $0RLIN

