LEADER 01017ccm a22003131i 4500
001 002000767-1
005 20070830182511.0
008 900807m19759999nyufta   hi    n 1  fre d
020   $a0912024704
035 0 $aocm02169778$zocm02784532$zocm02784593
035 1 $aMAHSRC18374C
035 1 $zNJPG87C319
035 0 $aocm02169778
040   $aCU-Riv$cCU-Riv$dCU-A$dNNC$dRPB$dCU$dMH-Mu
041 0 $gfreengger
045   $at6uO
100 1 $aDu Caurroy, Eustache,$d1549-1609.
240 10$aWorks.$f1975
245 14$aLes oeuvres complètes de Eustache du Caurroy /$céditée par Blaise Pidoux.
260 0 $aBrooklyn, New York :$bInstitute of Mediaeval Music,$cc1975-
300   $ascore ( v.) :$bfacsims. ;$c32 cm.
440  0$aGesamtausgaben ;$vBd. IX
500   $aPref. in French, German, and English.
505 1 $a1. Fantasies à 3-6 parties.
650  0$aInstrumental music.
650  0$aCanons, fugues, etc. (Unspecified instruments)
700 1 $aPidoux, Blaise.
988   $a20020608
906   $0RLIN

