LEADER 01363ncm a22003971  4500
001 002000768-X
005 20030808144438.0
008 900807s1903    fr mua         n 0  fre d
010   $a   44043511 
028 20$aA.L. 10,862$bA. Leduc
035 0 $aocm19800640
035 1 $aMAHSRC18375C
035 1 $zNYUG86C1040
040   $cNNU$dNNU$dCSt$dMH-Mu
045   $at4u1
047   $asg$apt
048   $avn04
048   $avn05
050 0 $aM2$b.M23 vol.17
100 1 $aDu Caurroy, Eustache,$d1549-1609.
240 10$aMéslanges de la musique
245 00$aMélanges (premier fascicule)
260 0 $aParis,$bA. Leduc,$c1903.
300   $a6 p. l., 81 p.$bfacsims. (incl. music)$c29 cm.
440  0$aMaîtres musiciens de la Renaissance française ;$v[17]
500   $aAt head of title: ... Eustache Du Caurroy.
500   $aWith t.-p. of 1st edition and specimen pages of text and music in facsimile.
500   $aOriginal title: Meslanges de la mvsiqve de Evst. Dv Cavrroy ... Paris, P. Ballard, 1610.
500   $aProjected additional vols. (cf. Avertissement) not published.
500   $aScore: 4-5 voices.
500   $aPl. no. A.L. 10,862.
505 0 $aChansons profanes et spirituelles. - Noëls. - Vers mesurés à l'antique.
650  0$aSongs, French.
650  0$aPart songs, French.
988   $a20020608
906   $0RLIN

