LEADER 01307ccm a22003251  4500
001 002000769-8
005 20020606093309.7
008 900807q19601968fr ftz         n 0      d
010   $a   72227806 /M
028 20$aS. 6011 P.$bEditions musicales de la Schola Cantorum et de la Procure générale de musique
035 0 $aocm82210777
035 1 $aMAHSRC18376C
040   $aCtY-Mus$cCtY-Mus$dMH-Mu
045 0 $bd1610
048   $akb01
050 0 $aM10$b.D
100 1 $aDu Caurroy, Eustache,$d1549-1609.
240 10$aFantasies.$nNo. 1-15
245 00$aFantasies à III, IIII, V, et VI parties, Paris, Ballard, 1610.$c[Restitution: Jean Bonfils]
260 0 $aParis,$bEditions musicales de la Schola Cantorum et de la Procure générale de musique$c[196-]
300   $axviii, score (40 p.)$bfacsims.$c32 cm.
440  4$aLes Grandes heures de l'orgue
500   $aEdited for organ; originally for unspecified instruments.
500   $aPreliminary material includes "Les grandes dates de la musique instrumentale en occident, 1500-1665" and specifications of selected late 16th and early 17th century French organs.
500   $aPl. no. S. 6011 P.
650  0$aCanons, fugues, etc. (Organ)
650  0$aOrgan music.
700 1 $aBonfils, Jean,$d1921-
988   $a20020608
906   $0RLIN

