LEADER 00985ncm a22002891i 4500
001 002000770-1
005 20020606093309.7
008 900807s1910    fr ftaa        n 1      d
028 20$aE.M.S. 2648$bSenart
035 0 $aocm82445320
035 1 $aMAHSRC18377C
035 1 $zNYRS6244982C
040   $aViU$cViU$dm.c.$dOCoLC$d*RER*$dCStRLIN$dMH-Mu
045 0 $bd1610
048   $asa01$asb01$asc01
100 1 $aDu Caurroy, Eustache,$d1549-1609.
240 10$aFantasies.$nNo. 2
245 00$aSeconde fantaisie, pour violon, alto et violoncelle : avec réduction du trio au clavier /$cDu Caurroy ; publiée par Henry Expert.
260 0 $aParis :$bSenart,$c[1910?]
300   $ascore (4 p.) and 3 parts ;$c35 cm.
490 0 $aRépertoire populaire de la musique renaissance
500   $a"Édition nationale de musique classique."
500   $aIncludes piano reduction.
650  0$aString trios$xScores and parts.
700 1 $aExpert, Henry.
988   $a20020608
906   $0RLIN

