LEADER 01173ncm a22003491  4500
001 002000772-8
005 20020606093309.7
008 900807s1910    fr fta         n 0       
010   $am  57000260 
028 20$aE. M. S. 2649$bM. Senart
035 0 $aocm22457656
035 1 $aMAHSRC18379C
035 1 $zMIUG89C2263
040   $aMiU$cMiU$dMH-Mu
045 0 $bd1610
048   $asa02$asb01$asc01
048   $aka01
050 0 $aM454$b.D
100 1 $aDu Caurroy, Eustache,$d1549-1609.
240 10$aFantasies.$nNo. 20
245 00$aVingtiesme fantaisie pour 2 violons, alto et violoncelle. Avec réduction du quatuor au clavier.$cPubliée par Henry Expert.
260 0 $aParis,$bM. Senart$c[1910]
300   $ascore (4 p.) and 4 parts.$c35 cm.
490 0 $aRépertoire populaire de la musique Renaissance
500   $aFor 2 violins, viola, and violoncello, with piano reduction.
500   $aEdition nationale de musique classique, no. 2649.
500   $aPl. no. E. M. S. 2649.
650  0$aCanons, fugues, etc. (String quartet)$xScores and parts.
650  0$aPiano music, Arranged.
700 1 $aExpert, Henry.
988   $a20020608
906   $0RLIN

