LEADER 00878ncm a22002891a 4500
001 002000774-4
005 20020606093309.7
008 900807s1963    fr coc         n 1       
010   $a   64037609 /M
028 22$aA.L. 23350$bA. Leduc
035 0 $aocm16937345
035 1 $aMAHSRC18381C
035 1 $zCUBGGLAD17276440
040   $aDLC$cKyLoS$dKyLoS$dCU$dCStRLIN$dMH-Mu
045   $ax5x6
048   $aka01$bka01$bka01
050 00$aM1011.D83$bC7
100 1 $aDubois, Pierre Max,$d1930-1995.
240 10$aConcerto italien;$oarranged
245 00$aConcerto italien :$bpour deux pianos et orchestre /$cPierre Max Dubois.
254   $aDeux pianos et réduction d'orch.
260 0 $aParis :$bA. Leduc,$cc1963.
300   $a1 score (85 p.) ;$c34 cm.
500   $aDuration: 21 min.
650  0$aConcertos (Pianos (2))$x3-piano scores.
988   $a20020608
906   $0DLC

