LEADER 00827ncm a22002891  4500
001 002000775-2
005 20020606093309.7
008 900807s1957    fr coc         n 0       
010   $am  57002372 
028 20$a21769$bA. Leduc
035 0 $aocm02721345
035 1 $aMAHSRC18382C
035 1 $zCASX2721345C
040   $aDLC$cPManM$d*SER*$d*m/c*$d*RER*$dCStRLIN$dMH-Mu
045   $ax5x5
048   $bba01$bka01
050 00$aM1029.D8$bC6
100 1 $aDubois, Pierre Max,$d1930-1995.
240 10$aConcertos,$mhorn, orchestra;$oarranged
245 00$aConcerto,$bpour cor et orchestre.
260 0 $aParis,$bA. Leduc$c[c1957]
300   $ascore (23 p.) and part.$c34 cm.
500   $aAcc. arr. for piano.
500   $aPl. no. 21769.
650  0$aConcertos (Horn)$xSolo with piano.
988   $a20020608
906   $0DLC

