LEADER 00870ncm a22002771  4500
001 002000776-0
005 20020606093309.7
008 900807s1969    fr coc         n 0       
010   $a   76239169 /M
035 0 $aocm02379657
035 1 $aMAHSRC18383C
035 1 $zNYRS2379657C
040   $aDLC$cAzTeS$d*m/c*$d*RER*$dCStRLIN$dMH-Mu
045   $ax6x6
048   $aka01$bwc01
050 00$aM1125.D82$bB4
100 1 $aDubois, Pierre Max,$d1930-1995.
240 10$aBeaugency-concerto;$oarranged
245 00$aBeaugency-concerto,$bpour clarinette en si♭ et orchestre à cordes.
260 0 $aParis,$bA. Leduc$c[c1969]
300   $ascore (30 p.) and part.$c34 cm.
500   $aString-orchestra acc. arr. for piano.
500   $aDuration: about 23 min.
650  0$aConcertos (Clarinet with string orchestra)$xSolo with piano.
988   $a20020608
906   $0DLC

