LEADER 00758ncm a22002771  4500
001 002000777-9
005 20020606093309.7
008 900807s1964    fr zza         n 0       
010   $a   64059417 /M
028 20$aA.L.23.298$bA. Leduc
035 0 $aocm20707063
035 1 $aMAHSRC18384C
035 1 $zNYRS20707063C
040   $aDLC$c*RER*$d*RER*$dCStRLIN$dMH-Mu
045   $ax5x6
048   $aoa
050 00$aM1045.D79$bC4
100 1 $aDubois, Pierre Max,$d1930-1995.
245 10$aCancanages,$bscherzo pour orchestre.
260 0 $aParis,$bA. Leduc$c[1964]
300   $ascore (46 p.)$c29 cm.
500   $aDuration: about 4 min., 30 sec.
500   $aPl. no. A.L.23.298.
650  0$aOrchestral music$xScores.
988   $a20020608
906   $0DLC

