LEADER 01184ccm a2200349   4500
001 002000778-7
005 20020606093309.7
008 900807s1925    fr zzc         n 0  fre d
028 20$aH.28620--28628$bHeugel
028 20$aH.28746--28751$bHeugel
035 0 $aocm22457658
035 1 $aMAHSRC18385C
040   $aMH-Mu$cMH-Mu
045   $ax2x2
048   $avi01$aka01
048   $aca$aka01
048   $acb02$aka01
048   $acd$aka01
100 1 $aDoyen, Albert,$d1882-1935.
240 10$aVoix du vieux monde.$sVocal score
245 00$aVoix du vieux monde;$bchansons et choeurs.$cPoèmes de G. Duhamel.
260 0 $aParis,$bHeugel$c[c1925]
300   $aScore (134 p.)
500   $aFifteen numbers for solo voices, or 2 or 4 part choruses, or children's voices, with orcehstra; acc. reduced for piano.
500   $aWords in French.
500   $aPl. no. H.28620/28751.
600 10$aDuhamel, Georges,$d1884-1966$xMusical settings.
650  0$aSongs (Medium voice) with orchestra$xVocal scores with piano.
650  0$aChoruses, Secular, with orchestra$xVocal scores with piano.
700 1 $aDuhamel, Georges,$d1884-1966.
988   $a20020608
906   $0MH

