LEADER 00620ccm a2200229 a 4500
001 002000779-5
005 20020606093309.7
008 900807q18601869hu snz         n 1      d
028 22$aN.G. 1577$bRózsavölgyi
035 0 $aocm19210302
035 1 $aMAHSRC18386C
040   $aMH-Mu$cMH-Mu
045   $aw6w6
048   $aka01
100 1 $aDraeseke, Felix,$d1835-1913.
240 10$aSonatas,$mpiano,$nop. 6
245 00$aSonate für Clavier, op. 6 /$cvon Felix Draeseke.
260 0 $aBudapest :$bRózsavölgyi,$c[186-]
300   $a39 p. of music ;$c35 cm.
650  0$aSonatas (Piano)
988   $a20020608
906   $0MH

