LEADER 00658ccm a2200241   4500
001 002000780-9
005 20020606093309.7
008 900807s1884    gw sya         n 0      d
028 20$a6449$bKistner
035 0 $aocm15263303
035 1 $aMAHSRC18387C
040   $aMH-Mu$cMH-Mu
045 2 $bd1870$bd1876
048   $aoa
100 1 $aDraeseke, Felix,$d1835-1913.
240 10$aSymphonies,$nno. 2, op. 25,$rF major
245 00$aSymphonie No. 2, F dur,$bfür grosses Orchester. Op. 25.
260 0 $aLeipzig,$bKistner$c[1884]
300   $aScore (177 p.)$c34 cm.
500   $aPl. no. 6449.
650  0$aSymphonies$xScores.
988   $a20020608
906   $0MH

