LEADER 01813ccm a2200325 i 4500
001 002000781-7
005 20020606093309.7
008 900807s1916    au mua   hi    n 1 |lat d
010   $aac 40002045 
035 0 $aocm05887116
035 1 $aMAHSRC18388C
035 1 $zPAUG87C2946
040   $aCU$cCU$dPU$dMH-Mu
041 0 $alat$gger
047   $ams$ahy
100 1 $aDraghi, Antonio,$d1635-1700.
240 10$aVocal music.$kSelections
245 10$aKirchenwerke :$benthaltend zwei Messen, eine Sequenz, zwei Hymnen /$cAntonio Draghi.
260 0 $aWien :$bArtaria ;$aLeipzig :$bBreitkopf & Härtel,$c1916.
300   $ascore (vii, 136 p.) ;$c35 cm.
490 1 $aDenkmäler der Tonkunst in Österreich. XXIII Jahrgang., 1. Teil,$vBd 46.
500   $aLatin text only.
500   $a"Als Einleitung ... ist die Abhandlung anzusehen, die gleichzeitung im 4. Bande der Studien zur Musikwissenschaft, Beihefte der Denkmäler der Tonkunst in Österreich erscheint: Zur geschichte der wiener Messkomposition in der zweiten Hälfte des 17. Jahrhundertes"--Vorwort (p. v-vi) signed: Guido Adler.
505 0 $aMissa à 9 (chorus, solo voices, strings and organ (figured bass with realization))--Missa assumptionis (chorus, solo voices, string and wind instruments, and organ (figured bass with realization))--Stabat Mater (S.A.T.B.) unaccompanied)--Tristes erant Apostoli (S.A.B.) violoncello, violone and organ (figured bass with realization))--Vexilla regis (S.A.B., theorbo, violone and organ (figured bass with realization)) with ritornello (2 violins, 2 violoni, theorbo and organ)--Revisionsbericht.
650  0$aMasses$xScores.
650  0$aPart songs, Sacred.
700 1 $aAdler, Guido,$d1855-1941.
830  0$aDenkmäler der Tonkunst in Österreich ;$vBd. 46
988   $a20020608
906   $0RLIN

