LEADER 01009ncm a22003131a 4500
001 002000782-5
005 20020606093309.7
008 900807s1982    nyuopau        n 1  ita  
010   $a   80000803 /M/r84
020   $a0824048032 :$c$75.00
035 0 $aocm08711797
035 1 $aMAHSRC18389C
035 1 $zCTYS85C4512
040   $dCStRLIN$dMH-Mu
045 0 $bd1670
050 0 $aM1500.D78$bL4 1982
100 1 $aDraghi, Antonio,$d1635-1700.
245 10$aLeonida in Tegea /$cAntonio Draghi ; introduction by Howard Mayer Brown.
260 0 $aNew York :$bGarland Pub.,$c1982.
300   $a1 score (91 [i.e. 182] p.) ;$c29 cm.
440  0$aItalian opera, 1640-1770 ;$v[64]
500   $aLibretto by Nicolò Minato.
500   $aPhotoreprint of ms. score in the Österreichische Nationalbibliothek, Vienna (MS 15.599).
650  0$aOperas$xScores.
650  0$aMusic$xManuscripts$xFacsimiles.
700 1 $aMinato, Niccolò.
700 1 $aBrown, Howard Mayer.
988   $a20020608
906   $0RLIN

