LEADER 00727ncm a22002651  4500
001 002000783-3
005 20020606093309.7
008 900807s1970    cs mua         n 0      d
028 20$aP 966$bPanton
035 0 $aocm09610094
035 1 $aMAHSRC18390C
040   $aMH-Mu$cMH-Mu
045 0 $bd1960
047   $apr$atc
048   $asc01$aka01
100 1 $aDuchaň, Jan,$d1927-
240 10$aPreludium a toccata,$mcello, piano
245 00$aPreludium a toccata pro violoncello a klavír$b(1960)
260 0 $aPraha,$bPanton,$c1970.
300   $aScore (45 p.) & part.
500   $aDuration: about 14 min.
500   $aPl. no. P 966.
650  0$aCello and piano music$xScores and parts.
988   $a20020608
906   $0MH

