LEADER 00908ccm a22002411  4500
001 002000784-1
005 20020606093309.7
008 900807s1963    pr sga         n 1  spa d
035 0 $aocm22457661
035 1 $aMAHSRC18391C
040   $aMH-Mu$cMH-Mu
048   $avi01$aka01
100 1 $aColón, Braulio Dueño,$d1854-1934.
245 10$aSerenata española.$cMusica: Braulio D. Colón. Letra: Virgilio Dávila.
260   $aSan Juan, Puerto Rico,$bInstituto de Cultura Puertorriqueña,$c1963.
300   $ascore ([7] p.)$c30 cm.
440  0$aRevista del Instituto de Cultura Puertorriqueña.$pSeparata de música,$v19
500   $aSeparata de música de la Revista del Instituto de Cultura Puertorriqueña, num. 19.
600 10$aDávila, Virgilio,$d1869-1943$xMusical settings.
650  0$aSongs (Medium voice) with piano.
700 1 $aDávila, Virgilio,$d1869-1943.
988   $a20020608
906   $0MH

