LEADER 00985ccm a22002651  4500
001 002000785-X
005 20020606093309.7
008 900807s1962    pr sga         n 0  spa d
035 0 $aocm20446862
035 1 $aMAHSRC18392C
040   $a*IUG*$c*IUG*$dCStRLIN$dMH-Mu
048   $avi01$aka01
100 1 $aColón, Braulio Dueño,$d1854-1934.
245 13$aLa terruca.$cPara el poema de Virgilio Davila.
260   $aSan Juan de Puerto Rico,$bInstituto de Cultura Puertorriqueña,$c1962.
300   $ascore ([4] p.)$c30 cm.
440  0$aRevista del Instituto de Cultura Puertorriqueña.$pSeparata de música,$v13
500   $aFor medium voice and piano.
500   $aSeparata del numero 13 de la Revista del Instituto de Cultura Puertorriqueña.
600 10$aDávila, Virgilio,$d1869-1943$xMusical settings.
650  0$aNational music$zPuerto Rico.
650  0$aSongs (Medium voice) with piano.
700 1 $aDávila, Virgilio,$d1869-1943.
988   $a20020608
906   $0RLIN

