LEADER 00522ncm a22002051  4500
001 002000786-8
005 20020606093309.7
008 900807s1961    oncpsz         n 0      d
035 0 $aocm22457662
035 1 $aMAHSRC18393C
040   $aMH-Mu$cMH-Mu
048   $aka01
100 1 $aDuchow, Marvin,$d1914-1979.
240 10$aPassacaglia,$mpiano
245 00$aPassacaglia$b[for] piano solo.
260 0 $aToronto,$bBMI Canada$c[c1961]
300   $aScore (7 p.)
650  0$aPassacaglias (Piano)
988   $a20020608
906   $0MH

