LEADER 01802ncm a22004211i 4500
001 002000787-6
005 20110223112945.0
008 900807s1968    sw zza   ehi   n 1 |lat d
010   $a   71229128 
035 0 $aocm01361529
035 1 $aMAHSRC18394C
035 1 $zPAUG87C4421
040   $cMBU$dNIC$dCStRLIN$dCU$dMH-Mu
041 0 $alatswe$ggereng
045   $au5u8
048   $aca04$aoc
048   $avd02$ake
048   $aca04$aoc$bva01
050 0 $aM2$b.M4833 vol.5
245 00$aDrei Vokalwerke der schwedischen Grossmachtepoche =$bThree vocal compositions from the Swedish great power period /$cedited by Carl-Allan Moberg & Jan Olof Rudén.
246 3 $aVokalwerke der Schwedischen Grossmachtepoche
246 3 $aVocal compositions from the Swedish great power period
260 0 $aStockholm :$bAlmqvist & Wiksell,$c1968.
300   $axxxi p., score (41 p.) :$bfacsims. ;$c31 cm.
440  0$aMusica Svecica saeculi XVII ;$v2-4
440  0$aMonumenta musicae Svecicae ;$v5
500   $aFirst work for chorus (STTB) and string orchestra; 2d work for 2 tenors and continuo; 3d work for soprano solo, chorus (SATB), and string orchestra; Latin or Swedish words.
500   $aIntrod. and critical commentary in German and English.
505 0 $aDüben, G. Veni sancte spiritus.--Rudbeck, O. Sorg- och klagesång.--Dijkman, L. Lamentum.
650  0$aChoruses, Sacred (Mixed voices) with string orchestra$vScores.
650  0$aSacred vocal duets with continuo.
700 1 $aMoberg, Carl-Allan,$d1896-1978.
700 1 $aRudén, Jan Olof,$d1937-
700 1 $aDüben, Gustaf,$d1628-1690.$tVeni sancte spiritus.
700 1 $aRudbeck, Olof,$d1630-1702.$tSorg- och klagesāng.
700 1 $aDijkman, Lüdert,$d-1717.$tLamentum.
988   $a20020608
906   $0RLIN

