LEADER 00844ncm a22002771  4500
001 002000788-4
005 20070830182512.0
008 900807s1959    au msa   hi    n 0 |lat  
010   $am  61000947 
035 0 $aocm01331116
035 1 $aMAHSRC18395C
035 1 $zPAUG87C4594
040   $cOCU$dCU-SB$dCStRLIN$dCU$dMH-Mu
041 0 $alat$gger
048   $aca04
050 0 $aM2$b.M85 Heft 11
100 1 $aDucis, Benedictus,$dapproximately 1490-1544.
245 10$aMissa de Beata Virgine.$cHrsg. von Hans Albrecht.
260 0 $aGraz,$bAkademische Druck- u. Verlagsanstalt,$c1959.
300   $av p., score (28 p.)$c30 cm.
440  0$aMusik alter Meister ;$vHeft 11
500   $aFor discantus, altus, tenor, and bassus.
650  0$aMasses, Unaccompanied.
700 1 $aAlbrecht, Hans,$d1902-1961.
988   $a20020608
906   $0RLIN

