LEADER 00823ccm a22002651i 4500
001 002000789-2
005 20020606093309.7
008 900808c19491948it pta         n 1  lat  
010   $am  54001164 
035 0 $aocn181937630
035 1 $aMAHSRC18397C
035 1 $zPAUG87C3925
040   $aIEN$dCU$dMH-Mu
045   $as0s7
048   $acb02$ase02
050 00$aM2$b.D63 ser.1,no.3
100 1 $aDufay, Guillaume,$d-1474.
245 10$aEt in terra "ad modum tube" /$cG. Dufay.
260 0 $aRoma :$bSocietas Universalis S. Ceciliae,$c1949 [c1948]
300   $aScore (5 p.) ;$c25 cm.
440  0$aDocumenta polyphoniae liturgicae S. Ecclesiae Romanae.$nSerie I ;$vno. 3
500   $aFor 2 sopranos and 2 tubas (2 trombones, 2 horns or 2 trumpets)
650  0$aPart songs, Sacred.
988   $a20020608
906   $0RLIN

