LEADER 00948ncm a22003131i 4500
001 002000790-6
005 20020606093309.7
008 900807s1949    it mua         n 0  lat  
010   $a   51008343 
035 0 $aocm03323157
035 1 $aMAHSRC18398C
035 1 $zPAUG87C3929
040   $aCU$cCU$dMH-Mu
045   $as4s7
047   $apt$ams
050 00$aM2$b.D63 ser.1,no.7
100 1 $aDufay, Guillaume,$d-1474.
240 10$aWorks.$kSelections
245 00$a2 Kyrie et 1 Gloria in Dominicis diebus.
260 0 $aRoma :$bSocietas Universalis S. Ceciliae,$c1949.
300   $aScore (8 p.) ;$c25 cm.
440  0$aDocumenta polyphoniæ liturgicæ S. Ecclesiæ Romanæ.$nSerie I ;$vno. 7
500   $aCover title.
500   $aFor voices and instruments (3 part)
650  0$aMasses$xExcerpts$xScores.
650  0$aPart songs, Sacred.
700 1 $aDufay, Guillaume,$d-1474.$tKyrie et Gloria.
988   $a20020608
906   $0RLIN

