LEADER 01092ncm a22003131  4500
001 002000791-4
005 20020606093309.7
008 900808s1965    fr zzz         n 0       
010   $a   66008654 /M
035 0 $aocm42292847
035 1 $aMAHSRC18400C
035 1 $zCUBGGLAD84126636
040   $aDLC$cGASU$d*IUG*$dCU$dCStRLIN$dMH-Mu
048   $atc01
050 0 $aM140.D83$bS7
100 1 $aDufaut, François,$dactive 17th century.
240 10$aWorks.$f1965
245 00$aOeuvres de Dufaut.$cEd. et transcription par André Souris. Introduction historique et étude des concordances par Monique Rollin.
260 0 $aParis,$bEditions du Centre national de la recherche scientifique,$c1965.
300   $axxiv, Score (99 p.)$c32 cm.
440  0$aCorpus des luthistes français
500   $aCollection le chœur des muses.
500   $aLute music, in modern notation with interlinear lute tablature.
650  0$aLute music.
690  9$aTablatures$xFacsimiles.$5mus
700 1 $aSouris, André,$d1899-1970.
700 1 $aRollin, Monique.
988   $a20020608
906   $0DLC

