LEADER 00794ncm a2200253   4500
001 002000792-2
005 20020606093309.7
008 900808q18401899rursgaa        n 1      d
028 20$a1192$bI︠U︡rgenson
035 0 $aocm22457663
035 1 $aMAHSRC18402C
040   $aMH-Mu$cMH-Mu
045   $aw4w6
100 1 $aDütsch, Otto Johann Anton,$d1823-1863.
245 10$aMoe ty serdt︠s︡e i dusha;$cromans O. I. Diutsha.
260 0 $a[Moskva,$bI︠U︡rgenson,$cbetween 1840 and 1899]
300   $aScore (5 p.)$c35 cm.
490 0 $aIzdanie I︠U︡rgensona
500   $aCaption title.
500   $aRomansy i pi︠e︡sni dli︠a︡ odnogo i dvukh golosov s akkompanimentom fortepiano, 161.
500   $aPl. no. 1192.
650  0$aSongs with piano.
988   $a20020608
906   $0MH

