LEADER 01262ncm a2200301 a 4500
001 002000793-0
005 20030808144452.0
008 900808q19501959gw pta   i     n 1  lat d
035 0 $aocn218027161
035 1 $aMAHSRC18403C
035 1 $zINIS20981184C
040   $a*IUG*$c*IUG*$dCStRLIN$dMH-Mu
041 1 $alatfreger$hlatfre$gger
100 1 $aDufay, Guillaume,$d-1474.
240 10$aVocal music.$kSelections.$lPolyglot
245 00$aZwölf geistliche und weltliche Werke zu 3 Stimmen für Singstimmen und Instrumente /$cGuillaume Dufay ; herausgegeben von Heinrich Besseler.
260 0 $aWolfenbüttel :$bMöseler Verlag,$c[195-?]
300   $a1 score (26 p.) ;$c26 cm.
490 1 $aDas Chorwerk ;$vHeft 19
500   $aLatin or French words with German translations.
500   $aForeword in German.
505 0 $aFlos florum -- Vergine bella -- Alma Redemptoris Mater -- Kyrie eleison -- Je languis en piteux martire -- Bon jour, bon mois -- Craindre vous vueil -- Franc cueur gentil -- Malheureux cueur -- Adieu m'amour -- Je ne vis oncques -- Vostre bruit.
650  0$aPart songs, French.
650  0$aPart songs, Sacred.
700 1 $aBesseler, Heinrich,$d1900-1969.
830  0$aChorwerk ;$vHeft 19.
988   $a20020608
906   $0RLIN

