LEADER 01000ccm a22002651  4500
001 002000794-9
005 20100430111624.0
008 900808s1895    enkcpa         n 0  fre d
028 20$a10153$bNovello, Ewer
035 0 $aocm22457664
035 1 $aMAHSRC18404C
040   $aMH-Mu$cMH-Mu
100 1 $aDufay, Guillaume,$d-1474.
240 10$aChansons.$kSelections
245 00$aFour examples of the secular compositions, transcribed from a ms. in the Bodleian Library by J. F. R. Stainer as illustrations to a paper read before the Musical Association, Nov. 1895.
260   $aLondon,$bNovello, Ewer$c[1895?]
300   $ascore (11 p.)
500   $aPl. no. 10153.
505 0 $aCe jour de l'an.--Se la face ay pale.--Pouray je avoir vostre mercy.--Resvelons nous resvelons amoureux.
650  0$aPolyphonic chansons.
650  0$aPart songs, French.
700 1 $aStainer, John,$d1840-1901.
700 1 $aStainer, J. F. R.$q(John Frederick Randall),$d1866-1939.
988   $a20020608
906   $0MH

