LEADER 00881ccm a22002651i 4500
001 002000795-7
005 20020606093309.7
008 900808s1951    it sga   i     n 1  lat c
010   $aa  62003095 /M
035 0 $aocm02682307
035 1 $aMAHSRC18405C
035 1 $zPAUG87C3932
040   $aIEN$dCU$dMH-Mu
045   $as0s7
048   $ava01$asb01$asc01
100 1 $aDufay, Guillaume,$d-1474.
245 10$aEt in terra de quaremiaux /$cG. Dufay.
260 0 $aRomae :$bSocietas Universalis S. Ceciliae,$c1951.
300   $aScore (6 p.) ;$c25 cm.
440  0$aDocumenta polyphoniae liturgicae S. Ecclesiae Romanae.$nSerie I ;$vno. 10
500   $aFor soprano, viola, and violoncello.
500   $aBased on the manuscript in the Liceo Musicale, Bologna (Q 15).
650  0$aSacred songs (High voice) with instrumental ensemble$xScores.
988   $a20020608
906   $0RLIN

