LEADER 00878ccm a22002891i 4500
001 002000796-5
005 20020606093309.7
008 900808c19471948it msa         n 1  lat  
010   $a   49018235 
035 0 $aocn181937640
035 1 $aMAHSRC18406C
035 1 $zPAUG87C3923
040   $aIEN$dCU$dMH-Mu
045   $as0s7
050   $aM2$b.D63 ser.1,no.1
100 1 $aDufay, Guillaume,$d-1474.
240 10$aMasses.$kSelections
245 10$aFragmentum missae /$cG. Dufay.
260 0 $aRoma :$bSocietas Universalis S. Ceciliae,$c1947, c1948.
300   $aScore (10 p.) ;$c25 cm.
440  0$aDocumenta polyphoniae liturgicae S. Ecclesiae Romanae.$nSerie I ;$vno. 1
500   $aFor 3 voices or instruments.
500   $aCover title.
500   $aContains the Kyrie, Gloria, and Credo.
650  0$aMasses$xExcerpts$xScores.
988   $a20020608
906   $0RLIN

