LEADER 00892ccm a2200301   4500
001 002000797-3
005 20020606093309.7
008 900808s1937    gw pta         n 0  lat d
035 0 $aocm00917168
035 1 $aMAHSRC18407C
040   $cNNU$dNNU$dMdBPC$dMH-Mu
041 1 $alatger$hlat
045   $as0s7
048   $acn03
048   $acn04
100 1 $aDufay, Guillaume,$d-1474.
240 10$aHymns.$lGerman & Latin
245 00$aSämtliche Hymnen,$bzu 3 und 4 Stimmen,$chrsg. von Rudolf Gerber.
250   $a2. unveränderte Aufl.
260 0 $aWolfenbüttel [Ger.]$bMöseler$c[pref. 1937]
300   $ascore (32 p.)$c26 cm.
490 1 $aDas Chorwerk,$vHeft 49
500   $aFor 3-4 unspecified voices; Latin words, with German translation.
650  0$aPart songs, Sacred.
700 1 $aGerber, Rudolf.
830  0$aChorwerk ;$vHeft 49.
988   $a20020608
906   $0RLIN

