LEADER 01022ccm a22002891  4500
001 002000798-1
005 20020606093309.7
008 900808s1963    it mua         n 0  lat d
035 0 $aocm19799655
035 0 $aocm22457665
035 1 $aMAHSRC18408C
040   $aCU$cCU$dMH-Mu
045   $as4s7
047   $amo$ams
100 1 $aDufay, Guillaume,$d-1474.
240 10$aMissa Ave Regina Coelorum
245 10$aMissa Ave regina celorum,$bsynoptice secundum fontes praecipios una cum Missa La mort de Saint Gothardo, auctoris ignoti juxta codicum fidem.
260 0 $aTridenti,$bSocietas Universalis Sanctae Ceciliae,$c1963.
300   $aScore (87 p.)
440  0$aMonumenta polyphoniae liturgicae Sanctae Ecclesiae Romanae.$nSeries I ;$vt. 2, fasc. 3
500   $aFor 2-4 voices, unaccompanied.
500   $aIncludes the motet Ave regina celorum (Fons unicus: Modena Lat. 456)
650  0$aMotets.
650  0$aMasses$xScores.
730 02$aMissa La mort de Saint Gothardo.
988   $a20020608
906   $0RLIN

