LEADER 01101ccm a22002651  4500
001 002000799-X
005 20020606093309.7
008 900808s1951    it msa         n 1  lat d
035 0 $aocm19800296
035 1 $aMAHSRC18410C
040   $aCSt$cCSt$dMH-Mu
045   $as0s7
100 1 $aDufay, Guillaume,$d-1474.
240 10$aMissa caput
245 00$aMissa caput,$cauctore Gulielmo Dufay, cum aliis duabus missis anonymis Veterem hominem et Christus surrexit, eidem auctori adscribendis nunc primum in lucem edita juxta revisionem criticam fontium.
260 0 $aRomae,$bSocietas Universalis Sanctae Ceciliae,$c1951.
300   $aix p., score (32, 28, 16 p.)$c34 cm.
440  0$aMonumenta polyphoniae liturgicae Sanctae Ecclesiae Romanae,$nSeries I.$vt. 2, fasc. 1
500   $aPreface signed: Laurentius Feininger.
500   $aVeterem hominem and Christus surrexit are ascribed to Dufay.
650  0$aMasses, Unaccompanied.
700 12$aDufay, Guillaume,$d-1474.$tMissa Veterem hominem.
700 12$aDufay, Guillaume,$d-1474.$tMissa Christus surrexit.
988   $a20020608
906   $0RLIN

