LEADER 00864ncm a22002891  4500
001 002000800-7
005 20020606093309.7
008 900808s1957    fr coc         n 0       
010   $am  57002102 
028 20$aA.L. 21724$bAlphonse Leduc
035 0 $aocm20347511
035 1 $aMAHSRC18411C
035 1 $zNYRS20347511C
040   $aDLC$c*RER*$d*RER*$dCStRLIN$dMH-Mu
045 0 $bd1957
048   $aka01$bsa01
050 00$aM1013.D8$bC6
100 1 $aDubois, Pierre Max,$d1930-1995.
240 10$aConcertos,$mviolin, orchestra,$nno. 1;$oarranged
245 00$aConcerto pour violon et orchestre.$bViolon et piano.
260 0 $aParis,$bA. Leduc$c[c1957]
300   $ascore (35 p.) and part.$c34 cm.
500   $aDuration: about 31 min.
500   $aPl. no. A.L.21724.
650  0$aConcertos (Violin)$xSolo with piano.
988   $a20020608
906   $0DLC

