LEADER 00802ncm a22002651i 4500
001 002000801-5
005 20020606093309.7
008 900808s1964    fr coc         n 0       
010   $a   64059731 /M
035 0 $aocm21087329
035 1 $aMAHSRC18412C
035 1 $zCUBGGLAD33925698
040   $aCU$cCU$dCStRLIN$dMH-Mu
045 0 $bd1963
048   $aka01$bsa01$bka01
050 00$aM1041.D96$bC7
100 1 $aDubois, Pierre Max,$d1930-1995.
240 10$aConcertos,$mviolin, piano, orchestra;$oarranged
245 00$aConcerto pour violon, piano et orchestre.
260 0 $aParis :$bA. Leduc,$c[1964]
300   $ascore (66 p.) and part ;$c34 cm.
500   $aAccompaniment arranged for 2d piano.
650  0$aConcertos (Violin and piano)$xSolos with piano.
988   $a20020608
906   $0RLIN

