LEADER 00856ncm a22002531  4500
001 002000802-3
005 20020606093309.7
008 900808s1970    fr coc         n 0       
010   $a   73291711 /M
035 0 $aocm20787509
035 1 $aMAHSRC18413C
035 1 $zNYPG720277905C
040   $aDLC$c*RER*$d*RER*$dCStRLIN$dMH-Mu
048   $aka01$bsa01
050 0 $aM1113$b.D58 no.2$aM236.85
100 1 $aDubois, Pierre Max,$d1930-1995.
240 10$aConcertos,$mviolin, string orchestra,$nno. 2;$oarranged
245 00$aDeuxième concerto,$bpour violon & orchestra [à cordes]. Réduction pour violon & piano.
260 0 $aParis,$bEditions M. Eschig$c[c1970]
300   $ascore (41 p.) and part.$c32 cm.
500   $aDuration: about 19 min.
650  0$aConcertos (Violin with string orchestra)$xSolo with piano.
988   $a20020608
906   $0DLC

