LEADER 01178ncm a2200337 i 4500
001 002000803-1
005 20070223124419.0
008 900808s1957    au dfzn        n 1      d
028 20$aU.E. 12669$bUniversal Edition
035 0 $aocm06034369
035 1 $aMAHSRC18414C
035 1 $zFLFGADL7771C
040   $aNcGU$cNcGU$dOCoLC$dFTaSU$dCStRLIN$dMH-Mu
045   $at8u2
048   $atb01
100 1 $aDowland, John,$d1563?-1626.
240 10$aAlmain;$oarranged
245 10$aAir and gigue /$cJohn Dowland ; aus der Lautentabulatur übertragen und für die Gitarre bearb. von Karl Scheit.
260 0 $aWien :$bUniversal Edition,$c[c1957]
300   $aScore (3 p.) ;$c31 cm.
490 1 $aMusik für Gitarre
500   $aThe Almain corresponds to no. 49 in Poulton and Lam's edition of Dowland's lute music.
500   $aPl. no. U.E. 12669.
505 0 $aAir.--Gigue (Mrs Vauxes gigge)
650  0$aGuitar music, Arranged.
650  0$aJigs (Guitar), Arranged.
700 1 $aScheit, Karl,$d1909-1993.
700 12$aDowland, John,$d1563?-1626.$tMrs Vauxes gigge;$oarranged.
830  0$aMusik für Gitarre (Vienna, Austria)
988   $a20020608
906   $0RLIN

