LEADER 01286ccm a2200337 i 4500
001 002000804-X
005 20070223124400.0
008 900808s1955    au dfz         n 1      d
028 20$aU.E. 12402$bUniversal Edition
035 0 $aocm06032663
035 1 $aMAHSRC18415C
040   $aNcGU$cNcGU$dOCoLC$d*m/c*$dCU$dCStRLIN$dMH-Mu
045   $at8u2
048   $atb01
100 1 $aDowland, John,$d1563?-1626.
240 10$aWallsingham;$oarranged
245 10$aAir and galliard /$cJohn Dowland ; transcribed from the lute tablature and arranged for guitar by Karl Scheit.
246 3 $aQueene Elizabeth, her galliard
260 0 $aWien :$bUniversal Edition,$cc1955.
300   $aScore (3 p.) ;$c31 cm.
490 1 $aMusik für Gitarre
500   $aTitle also in German.
500   $aPl. no. U.E. 12402.
505 0 $aAir (As I went to Walsingham) from a manuscript in Wickhambrook.--Galliard (Queen Elizabeth her galliard) from Robert Dowland "Varietie of lute-lessons" London 1610, Dohna Library.
650  0$aGuitar music, Arranged.
650  0$aGalliards, Arranged.
700 1 $aScheit, Karl,$d1909-1993.
700 12$aDowland, John,$d1563?-1626.$tK. Darcyes galliard;$oarranged.
830  0$aMusik für Gitarre (Vienna, Austria)
988   $a20020608
906   $0RLIN

