LEADER 01122ncm a22002891  4500
001 002000805-8
005 20020606093309.7
008 900808s1949    it msa   i     n 0  lat  
010   $a   52027123 
035 0 $aocm03323032
035 1 $aMAHSRC18416C
035 1 $zPAUG87C3926
040   $aIEN$dCU$dMH-Mu
045   $as0s7
050 00$aM2$b.D63 ser.1,no.4
100 1 $aDufay, Guillaume,$d-1474.
245 10$aMissa de Sanctissima Trinitate.
260 0 $aRoma,$bSocietas Universalis S. Ceciliae,$c1949.
300   $aScore (18 p.) ;$c25 cm.
440  0$aDocumenta polyphoniae liturgicae S. Ecclesiae Romanae.$nSerie I,$vt. 4
500   $a"L'unica fonte che conosciamo di questa Messa, il codice Trento 88, non nomina l'autore."
500   $aFor voices and instruments.
500   $aCover title.
500   $aAttributed by the editors to Guillaume Dufay, based on stylistic considerations; however, not cited among authentic works or anonymous works attributed to Dufay in A chronology of the works of Guillaume Dufay, by Charles Hamm (1964).
650  0$aMasses$xScores.
988   $a20020608
906   $0RLIN

