LEADER 00934ccm a22002531i 4500
001 002000806-6
005 20020606093309.7
008 900808s1952    it msa         n 1  lat d
035 0 $aocm05290202
035 1 $aMAHSRC18417C
035 1 $zPAUG87C4368
040   $aCU$cCU$dMH-Mu
045   $as4s7
100 1 $aDufay, Guillaume,$d-1474.
245 10$aMissa Ecce ancilla Domini /$cauctore Gulielmo Dufay ; cum altera missa anonyma super Puisque ie vis, eidem auctori adscribenda ; nunc primum in lucem edita juxta codicum fidem.
246 3 $aEcce ancilla Domini.
260 0 $aRomae :$bSocietas Universalis Sanctae Ceciliae,$c1952.
300   $a1 score (xii, 22, 25 p.) ;$c35 cm.
440  0$aMonumenta polyphoniae liturgicae Sanctae Ecclesiae Romanae.$nSeries I ;$vt. 2, fasc. 4
500   $aFor 2-4 voices, unaccompanied.
650  0$aMasses$xScores.
730 02$aMissa Puisque ie vis eidem.
988   $a20020608
906   $0RLIN

