LEADER 00721ncm a22002411i 4500
001 002000807-4
005 20020606093309.7
008 900808s1974    fr msa         n 1  lat  
010   $a   75766050 /M
035 0 $aocm02849730
035 1 $aMAHSRC18418C
035 1 $zCTYS88C4875
040   $aCtY-Mus$cCtY-Mus$dMH-Mu
050 0 $aM2010.D9$bS3
100 1 $aDufay, Guillaume,$d-1474.
245 10$aMissa Sancti Jacobi /$cGuillaume Dufay ; [réalisation, Roger Blanchard.]
260 0 $a[Paris] :$bEditions françaises de musique,$c[c1974]
300   $ascore (65 p.) ;$c27 cm.
500   $aFor voices and instruments.
650  0$aMasses$xScores.
700 1 $aBlanchard, Roger,$d1919-
988   $a20020608
906   $0RLIN

