LEADER 00772ncm a22002771a 4500
001 002000808-2
005 20020606093309.7
008 900808s1951    gw msa         n 1  lat d
028 30$a1712$bBärenreiter
035 0 $aocn181937656
035 1 $aMAHSRC18419C
035 1 $zPAUG87C953
040   $aCSt$cCSt$dMH-Mu
045   $as2s7
100 1 $aDufay, Guillaume,$d-1474.
240 10$aMissa Se la face ay pale
245 00$aVierstimmige Messe Se la face ay pale /$cGuillaume Dufaÿ.
246 3 $aSe la face ay pale.
260 0 $aKassel :$bBärenreiter,$cc1951.
300   $a1 score (44 p.) ;$c27 cm.
440  0$aCapella ;$vHeft 2
500   $aBärenreiter-Ausgabe, 1712.
500   $aPhotocopy.
650  0$aMasses$xScores.
988   $a20020608
906   $0RLIN

