LEADER 00953ncm a22002531i 4500
001 002000809-0
005 20020606093309.7
008 900808s1952    it msa         n 1  lat d
035 0 $aocm22990421
035 1 $aMAHSRC18420C
035 1 $zPAUG87C4366
040   $aCU$cCU$dMH-Mu
100 1 $aDufay, Guillaume,$d-1474.
245 10$aMissa Se la face ay pale /$cauctore Gulielmo Dufay ; cum aliis duabus missis anonymis Sine nomine et Pax vobis ego sum ; nunc primum in lucem edita juxta revisionem criticam fontium.
246 3 $aSe la face ay pale.
260 0 $aRomae :$bSocietas Universalis Sanctae Ceciliae,$c1952.
300   $a1 score (xi, 26, 28, 15 p.) ;$c35 cm.
440  0$aMonumenta polyphoniae liturgicae Sanctae Ecclesiae Romanae.$nSeries I ;$vt. 2, fasc. 2
500   $aFor 2-5 voices, unaccompanied.
650  0$aMasses$xScores.
730 02$aMissa Sine nomine.
730 02$aMissa Pax vobis ego sum.
988   $a20020608
906   $0RLIN

