LEADER 00633ccm a2200205   4500
001 002000810-4
005 20020606093309.7
008 900810s1790    stkmua         n 0      d
035 0 $aocm83510297
035 1 $aMAHSRC18421C
040   $aMH-Mu$cMH-Mu
047   $amr$adf$ami
100 1 $aDuff, Charles.
245 12$aA collection of strathspeys, reels, jiggs &c.,$bwith a bass for the violincello [sic] or harpsichord. To which is added four minuets, four marches in three parts.
260 0 $aEdinr.,$bThe author$c[ca. 1790]
300   $a36 p.$c34 cm.
500   $a"No. 102."
650  0$aDance music.
988   $a20020608
906   $0MH

