LEADER 00828ncm a22002651  4500
001 002000811-2
005 20020606093309.7
008 900808s1829    enksga         n 0  eng d
028 20$a1146$bPower
035 0 $aocm22457668
035 1 $aMAHSRC18422C
040   $aMH-Mu$cMH-Mu
048   $avn01$aka01
100 2 $aDufferin and Clandeboye, Helen Selina Blackwood,$cBaroness,$d1807-1867.
240 10$aVocal music.$kSelections
245 12$aA set of ten songs and two duets.$cThe words and music by two sisters.
260 0 $aLondon,$bPower$c[1829?]
300   $aScore (61 p.)
500   $aDedication signed H. S. Blackwood & C. E. Norton.
500   $aPl. no. 1146.
650  0$aSongs with piano.
650  0$aVocal duets with piano.
700 1 $aNorton, Caroline Sheridan,$d1808-1877.
988   $a20020608
906   $0MH

