LEADER 00647ncm a22002411  4500
001 002000812-0
005 20020606093309.7
008 900808s1928    gw snz         n 1      d
028 20$aR.M.V.456$bEdition russe de musique
035 0 $aocm02696470
035 1 $aMAHSRC18423C
040   $aMH-Mu$cMH-Mu
045 0 $bd1928
048   $aka01
100 1 $aDuke, Vernon,$d1903-1969.
240 10$aSonatas,$mpiano
245 00$aSonate pour piano$c[par] Vladimir Dukelsky.
260 0 $aBerlin,$bEdition russe de musique$c[c1928]
300   $aScore (18 p.)
500   $aPl. no. R.M.V.456.
650  0$aSonatas (Piano)
988   $a20020608
906   $0MH

