LEADER 00770ncm a22002651  4500
001 002000813-9
005 20020606093309.7
008 900808s1960    nyusnaa        n 0       
010   $am  60001222 
028 20$aN.Y. 2016$bG. Ricordi
035 0 $aocm12948111
035 1 $aMAHSRC18424C
035 1 $zCTYS89C7610
040   $aDLC$c*RER*$d*RER*$dCStRLIN$dMH-Mu
048   $asa01$aka01
050 0 $aM219.D88$bD
100 1 $aDuke, Vernon,$d1903-1969.
240 10$aSonatas,$mviolin, piano,$rD major
245 00$aSonata in D,$bfor violin and piano.
260 0 $aNew York,$bG. Ricordi$c[c1960]
300   $ascore (32 p.) and part.$c31 cm.
500   $aPl. no. N.Y. 2016.
650  0$aSonatas (Violin and piano)$xScores and parts.
988   $a20020608
906   $0DLC

