LEADER 00763ncm a2200241   4500
001 002000814-7
005 20020606093309.7
008 900808q18401849stksga         n 0  eng d
035 0 $aocm22457669
035 1 $aMAHSRC18425C
040   $aMH-Mu$cMH-Mu
048   $avn01$aka01
100 1 $aDun, Finlay,$d1795-1853.
245 14$aThe vocal melodies of Scotland,$carranged with symphonies and accompaniments for the piano forte by Finlay Dun and John Thomson.
260 0 $aEdinburgh,$bPaterson & Roy$c[184-?]
300   $aScore ( v.)$c33-36 cm.
650  0$aSongs, Scots$zScotland.
650  0$aSongs, English$zScotland.
650  0$aSongs with piano.
650  0$aFolk songs$zScotland.
700 1 $aThomson, John,$d1805-1841.
988   $a20020608
906   $0MH

