LEADER 00714ncm a22002531  4500
001 002000815-5
005 20020606093309.7
008 900808s1958    fr coc         n 0       
010   $am  58001289 
035 0 $aocm08048551
035 1 $aMAHSRC18426C
040   $aMH-Mu$cMH-Mu
045 0 $bd1957
048   $aka01$bka01
050 0 $aM1011$b.D83 no.2
100 1 $aDubois, Pierre Max,$d1930-1995.
240 10$aConcertos,$mpiano, orchestra,$nno. 2;$oarranged
245 00$aConcert no. 2,$bpour piano et orchestre.
260 0 $aParis,$bA. Leduc$c[c1958]
300   $aScore (102 p.)$c34 cm.
500   $aAcc. arr. for 2d piano.
650  0$aConcertos (Piano)$x2-piano scores.
988   $a20020608
906   $0MH

