LEADER 00758ncm a22002651  4500
001 002000816-3
005 20020606093309.7
008 900808s1967    fr coc         n 0       
010   $a   67119171 /M
035 0 $aocm16937250
035 1 $aMAHSRC18427C
040   $aMH-Mu$cMH-Mu
045   $ax6x6
048   $aka01$bka01
050 0 $aM1011$b.D83 no.3
100 1 $aDubois, Pierre Max,$d1930-1995.
240 10$aConcertos,$mpiano, orchestra,$nno. 3;$oarranged
245 00$aTroisième concerto,$bpour piano et orchestre.
260 0 $aParis,$bChez A. Leduc$c[1967]
300   $aScore (51 p.)$c32 cm.
500   $aAcc. arr. for 2d piano.
500   $aDuration: 20 min.
650  0$aConcertos (Piano)$x2-piano scores.
988   $a20020608
906   $0MH

