LEADER 00629ccm a2200253   4500
001 002000817-1
005 20020606093309.7
008 900808s1958    gw zzz         n 0       
010   $am  59000594 /r64
035 0 $aocm22457670
035 1 $aMAHSRC18428C
040   $aMH-Mu$cMH-Mu
045   $ax2x5
048   $aka01
050 00$aM25$b.D
100 1 $aDrăgoi, Sabin V.
240 10$aMiniaturen
245 00$aMiniaturen,$bfür Klavier. Miniatures, for piano.
260 0 $aHamburg,$bN. Simrock$c[c1958]
300   $aScore (18 p.)$c31 cm.
650  0$aPiano music.
740 0 $aMiniatures.
988   $a20020608
906   $0MH

