LEADER 00888ncm a22002891  4500
001 002000818-X
005 20020606093309.7
008 900808s1959    fr coc         n 0       
010   $am  59001377 
028 20$aA.L.22723$bA. Leduc
035 0 $aocm20569838
035 1 $aMAHSRC18429C
035 1 $zNYRS20569838C
040   $aDLC$c*RER*$d*RER*$dCStRLIN$dMH-Mu
048   $aka01$bsc01
050 00$aM1017.D82$bC6
100 1 $aDubois, Pierre Max,$d1930-1995.
240 10$aConcertos,$mcello, orchestra;$oarranged
245 00$aConcerto$bpour violoncelle et orchestre.
260 0 $aParis,$bA. Leduc$c[c1959]
300   $ascore (28 p.) and part.$c35 cm.
500   $aFor violoncello and piano; acc. originally for orchestra.
500   $aDuration: about 24 min.
500   $aPl. no. A.L.22723.
650  0$aConcertos (Cello)$xSolo with piano.
988   $a20020608
906   $0DLC

