LEADER 00677ccm a22002531  4500
001 002000819-8
005 20020606093309.7
008 900808s1958    fr dva         n 0       
010   $am  58001276 
035 0 $aocm22457671
035 1 $aMAHSRC18430C
040   $aDLC$cMH-Mu$dMH-Mu
045   $ax5x5
048   $aka01$aka01
050 0 $aM214.D88$bD4
100 1 $aDubois, Pierre Max,$d1930-1995.
240 10$aDivertimento,$mpianos (2)
245 00$aDivertimento$bpour deux pianos.
260 0 $aParis,$bA. Leduc$c[c1958]
300   $aScore (72 p.)$c35 cm.
500   $aDuration: about 17 min.
650  0$aSuites (Pianos (2))$xScores.
988   $a20020608
906   $0DLC

