LEADER 00833ccm a2200217   4500
001 002000820-1
005 20020606093309.7
008 900808q19001964fr zza         n 1  lat d
035 0 $aocm22457672
035 1 $aMAHSRC18431C
040   $aMH-Mu$cMH-Mu
100 1 $aDu Mont, Henry,$d1610-1684.
240 10$aVocal music.$kSelections
245 10$aMeslanges divers,$cremis au jour et publiés par H. Quittard comme supplément musical à son étude sur Henry Du Mont, publiée par la Sociéte du Mercure de France.
260 0 $aParis,$bBureau d'Edition de la Schola Cantorum$c[19--]
300   $aScore (57 p.)$c27 cm.
500   $aAt head of title: Répertoire de la Schola Cantorum, documents pour servir à l'histoire de la musique.
650  0$aVocal music.
700 1 $aQuittard, Henri,$d1864-1919.
988   $a20020608
906   $0MH

