LEADER 01045ncm a22003011a 4500
001 002000821-X
005 20020606093309.7
008 900808s1940    nyusuzn        n 1       
010   $a   44049163 /r55
028 20$a143-17$bSprague-Coleman
035 0 $aocm07167063
035 1 $aMAHSRC18432C
035 1 $zNYPG87C4771
040   $aNN$cNN$dMH-Mu
045 0 $bd1939
048   $aka01
050 00$aM24.D88$bS8
100 1 $aDuke, Vernon,$d1903-1969.
245 10$aSurrealist suite :$bfor piano solo /$cVladimir Dukelsky.
260 0 $aN[ew] Y[ork] :$bSprague-Coleman,$cc1940.
300   $a19 p. of music ;$c31 cm.
500   $aCaption: 1939.
500   $aDuration: 10:00.
500   $aPl. no.: 143-17.
505 0 $aBeach and rocks -- Cherrystones in love -- Rhumba danced by a wilting telephone -- A lady with a chest of drawers -- The exploding giraffe -- Epitaph to a melting watch -- The headless glamour woman -- The frolicking sardines -- Parade of paranoiacs.
650  0$aSuites (Piano)
988   $a20020608
906   $0RLIN

