LEADER 00883ncm a22003131  4500
001 002000822-8
005 20020606093309.7
008 900808s1950    nyusyb         n 0       
010   $a   51015902 /r55
028 30$a5$bC. Fischer
028 20$aN1650$bC. Fischer
035 0 $aocm06408352
035 1 $aMAHSRC18433C
035 1 $zCTYS86C2049
040   $aDLC$cNcGrE$dm.c.$d*IUG*$dCStRLIN$dMH-Mu
045 0 $bd1946
048   $aoa
050 0 $aM1001$b.D9 no. 3
100 1 $aDuke, Vernon,$d1903-1969.
240 10$aSymphonies,$nno. 3,$rE
245 00$aSymphony, no. 3, in E,$bfor symphony orchestra.
260 0 $aNew York,$bC. Fischer,$cc1950.
300   $ascore (161 p.)$c27 cm.
490 0 $aCarl Fischer study score series,$vno. 5
500   $aDuration: about 25 min.
500   $aPl. no. N1650.
650  0$aSymphonies$xScores.
988   $a20020608
906   $0DLC

