LEADER 01311ccm a22003491  4500
001 002000823-6
005 20020606093309.7
008 900808s1958    gw mua         n 0  ger  
010   $a   77013210 /M
035 0 $aocm00718582
035 1 $aMAHSRC18434C
040   $aDLC$cOAU$dOCoLC$dFTaSU$dCStRLIN$dMH-Mu
041 0 $agerlat
045 2 $bd1607$bd1612
047   $amo$apt
048   $acn07
048   $acn08
050 0 $aM2$b.D3915 Bd.31,41
100 1 $aDulichius, Philipp,$d1562-1631.
245 10$aCenturiae octonum et septenum vocum.$cHrsg. von Rudolf Schwartz.
250   $aIn Neuaufl. hrsg. und kritisch revidiert$bvon Hans Joachim Moser.
260 0 $aWiesbaden,$bBreitkopf & Härtel;$b[sole distributors for the Americas: International Music Institute,$aNew York]$c1958.
300   $ascore (2 v.)$bfacsims.$c35 cm.
490 1 $aDenkmäler deutscher Tonkunst, 1. Folge,$vBd. 31, 41
500   $aMotets for 7 and 8 voices, originally published in 4 parts, each in 8 separate part books (Stettin, 1607, 1608, 1610, 1612)
650  0$aPart songs, Sacred.
650  0$aMotets.
700 1 $aSchwartz, Rudolf,$d1859-1935.
700 1 $aMoser, Hans Joachim,$d1889-1967.
830  0$aDenkmäler deutscher Tonkunst.$n1. Folge (1957) ;$vBd. 31, etc.
988   $a20020608
906   $0DLC

