LEADER 01071ncm a22003131  4500
001 002000824-4
005 20020606093309.7
008 900808m19079999gw mua         n 0  ger c
010   $aac 34003185 /M/r60
035 0 $aocm05923982
035 1 $aMAHSRC18435C
035 1 $zMDJS87C1403
040   $aMdBPC$cMdBPC$dMH-Mu
041 0 $agerlat
045 2 $bd1607$bd1612
047   $amo$apt
050  4$aM2$b.D39 Bd.31,41
100 1 $aDulichius, Philipp,$d1562-1631.
245 10$aCenturiae octonum et septenum vocum.$cHrsg. von Rudolf Schwartz.
260 0 $aLeipzig,$bBreitkopf & Härtel,$c1907-
300   $ascore ( v.)$bfacsims.
490 1 $aDenkmäler deutscher Tonkunst, 1. Folge,$vBd. 31, 41
500   $aMotets for 7 and 8 voices, originally published in 4 parts, each in 8 separate part books (Stettin, 1607, 1608, 1610, 1612)
650  0$aPart songs, German.
650  0$aPart songs, Sacred.
700 1 $aSchwartz, Rudolf,$d1859-1935.
830  0$aDenkmäler deutscher Tonkunst.$n1. Folge (1892) ;$vBd. 31, etc.
988   $a20020608
906   $0RLIN

