LEADER 00678ncm a22002531  4500
001 002000825-2
005 20020606093309.7
008 900808s1901    fr zzzn  e     n 0      d
028 20$aA.G.104$bDurand
035 0 $aocm22457673
035 1 $aMAHSRC18436C
035 1 $zMIUG90C2812
040   $aMiU$cMiU$dMH-Mu
045 0 $bd1708
048   $akb01
100 1 $aDu Mage, Pierre,$d1674-1751.
245 10$aLivre d'orgue.
260 0 $aParis,$bDurand,$c1901.
300   $aScore ([24] p.)$c35 cm.
490 0 $aArchives des maîtres de l'orgue des XVIe, XVIIe et XVIIIe siècles,$vv. 3
500   $aPl. no. A.G.104.
650  0$aOrgan music.
988   $a20020608
906   $0RLIN

