LEADER 01022ncm a22002891  4500
001 002000826-0
005 20020606093309.7
008 900808s1952    fr zzz         n 1       
010   $a   72227854 /M
028 20$aS.5185 P$bEditions musicales de la Schola Cantorum et de la Procure générale de musique
035 0 $aocm02200126
035 1 $aMAHSRC18437C
035 1 $zCTYS86C1774
040   $aDLC$cOOC$d*m/c*$dCU$dCStRLIN$dMH-Mu
045 0 $bd1708
048   $akb01
050 0 $aM7.D89$bL6
100 1 $aDu Mage, Pierre,$d1674-1751.
245 10$aLivre d'orgue,$cde Pierre Du Mage. Révision par Félix Raugel d'apres l'exemplaire de la Bibliothèque Nationale (Vm 7 1831).
260 0 $aParis,$bEditions musicales de la Schola Cantorum et de la Procure générale de musique,$cc1952.
300   $aScore (20 p.)$bfacsim.$c32 cm.
440  4$aLes Grandes heures de l'orgue
500   $aPl. no. S.5185 P.
650  0$aOrgan music.
700 1 $aRaugel, Félix,$d1881-1975.
988   $a20020608
906   $0DLC

