LEADER 00618ncm a22002171  4500
001 002000827-9
005 20070425172900.0
008 900808s1968    rm coa         n 0      d
035 0 $aocm22457674
035 1 $aMAHSRC18438C
040   $aMH-Mu$cMH-Mu
045 0 $bd1956
048   $aoc
100 1 $aDumitrescu, Ion,$d1913-1996.
240 10$aConcerto,$mstring orchestra
245 00$aConcert pentru orchestră de coarde.
260 0 $aBucurești,$bEditura Muzicală a Uniunii Compozitorilor,$c1968.
300   $ascore (55 p.)$c30 cm.
650  0$aConcertos (String orchestra)$xScores.
988   $a20020608
906   $0MH

