LEADER 00635ccm a22002171i 4500
001 002000828-7
005 20070425172853.0
008 900808s1973    rm sua         n 1      d
035 0 $aocm10168142
035 1 $aMAHSRC18439C
040   $aNN$cNN$dMH-Mu
045 0 $bd1944
048   $aoa
100 1 $aDumitrescu, Ion,$d1913-1996.
240 10$aSuites,$morchestra,$nno. 3
245 00$aSuita III :$bpentru orchestra /$cIon Dumitrescu.
260 0 $aBucurești :$bEditura Muzicală a Uniunii Compozitorilor,$c1973.
300   $aScore (103 p.) :$bport. ;$c33 cm.
650  0$aSuites (Orchestra)$xScores.
988   $a20020608
906   $0RLIN

