LEADER 01068ncm a22003251  4500
001 002000829-5
005 20020606093309.7
008 900808s1956    fr zzz   bei   n 0       
010   $am  59000878 
035 0 $aocm04945241
035 1 $aMAHSRC18440C
035 1 $zINIS4945241C
040   $aDLC$cCtHT$dOCoLC$d*IUG*$dCStRLIN$dMH-Mu
041 0 $gfre
045   $av3v8
048   $akb01
050 0 $aM12.D85$bB6
100 1 $aDu Mont, Henry,$d1610-1684.
240 10$aKeyboard music
245 02$aL'œuvre pour clavier.$bPour orgue sans pédale ou harmonium.$c[Restitution: Jean Bonfils. Régistration: Gaston Litaize & Jean Bonfils]
260 0 $aParis,$bEditions musicales de la Schola Cantorum et de la Procure Générale de musique,$cc1956.
300   $aScore (23 p.)$billus.$c33 cm.
490 1 $aL'Organiste liturgique,$v13
500   $aArr. for organ or harmonium.
650  0$aOrgan music, Arranged.
700 1 $aLitaize, Gaston.
700 1 $aBonfils, Jean,$d1921-
830  0$aOrganiste liturgique ;$v13.
988   $a20020608
906   $0DLC

