LEADER 00725ncm a2200229   4500
001 002000830-9
005 20020606093309.7
008 900808q18401849enksga         n 0  eng d
035 0 $aocm22457676
035 1 $aMAHSRC18441C
040   $aMH-Mu$cMH-Mu
048   $avn01$aka01
100 1 $aDun, Finlay,$d1795-1853.
245 10$aLays from Strathearn.
260 0 $aLondon,$bR. Addison$c[184-?]
300   $aScore (124 p.)$c34 cm.
500   $aWords by C. O. Nairne, baroness; music arranged by F. Dun.
600 10$aNairne, Carolina Oliphant Nairne,$cBaroness,$d1766-1845$xMusical settings.
650  0$aSongs with piano.
700 1 $aNairne, Carolina Oliphant Nairne,$cBaroness,$d1766-1845.
988   $a20020608
906   $0MH

