LEADER 00931ncm a22003131  4500
001 002000831-7
005 20090712120222.0
008 900813s1967    fr zzz         n 00     d
010   $a   68042890 /M
028 20$aH.31812$bHeugel
035 0 $aocm01844448
035 1 $aMAHSRC18442C
035 1 $zUTBG88C83
040   $aDLC$cPCarlD$dNhD$dCStRLIN$dPPT$dNNU$dCU$dMH-Mu
045 2 $bd1744$bd1768
048   $akc01
050 0 $aM24.D925$bP5
100 1 $aDu Phly, Jacques,$d1715-1789.
240 10$aHarpsichord music.$kSelections
245 10$aPièces pour clavecin,$blivres I, II, III, IV.$cEdition par Françoise Petit.
260 0 $aParis,$bHeugel$c[c1967]
300   $aScore (188 p.)
490 1 $aLe Pupitre; collection de musique ancienne,$v1
500   $aPl. no. H.31812.
650  0$aHarpsichord music.
700 1 $aPetit, Françoise,$d1925-
830  0$aPupitre ;$vL.P. 1.
988   $a20020608
906   $0DLC

