LEADER 01094ncm a22003011  4500
001 002000832-5
005 20020606093309.7
008 900809s1961    fr zzz         n 00      
010   $am  61001183 
035 0 $aocm02311148
035 1 $aMAHSRC18443C
035 1 $zCTYS90C36
040   $aDLC$cNhD$dNhD$dCStRLIN$dCtY-Mus$dMH-Mu
048   $akc01$asa01
050 0 $aM221$b.D
100 1 $aDu Phly, Jacques,$d1715-1789.
240 10$aPièces de clavecin,$n3. livre.$kSelections
245 00$aTrois pièces extrait du 3e livre de clavecin, pour clavecin ou piano et violon.$c[Révision de Janine Volant-Panel]
260 0 $aParis,$bEditions musicales transatlantiques$c[1961]
300   $ascore (12 p.) and part$bfacsims.$c32 cm.
500   $aCover title.
500   $aThese pieces appeared originally in the 3d book of harpsichord pieces.
500   $aDuration: about 11 min., 2 sec.
505 0 $aLa De Valmalette. - La Du Failly. - La De Casaubon.
650  0$aViolin and harpsichord music$xScores and parts.
700 2 $aVolant-Panel, Janine.
988   $a20020608
906   $0DLC

