LEADER 00884ccm a22002771  4500
001 002000833-3
005 20020606093309.7
008 900813q19001922fr sga         n 0  fre d
028 20$aR.L.& Cie.9818$bRouart, Lerolle
035 0 $aocm22457677
035 1 $aMAHSRC18444C
040   $aMH-Mu$cMH-Mu
048   $avh01$aoa
100 1 $aDuparc, Henri,$d1848-1933.
245 10$aChanson triste.$cPoésie de Jean Lahor [pseud.]
260 0 $aParis,$bRouart, Lerolle$c[19--?]
300   $aScore (9 p.)
490 1 $aHis Mélodies pour chant & orchestre
500   $aCaption title.
500   $aPl. no. R.L.& Cie.9818.
600 10$aCazalis, Henri,$d1840-1909$xMusical settings.
650  0$aSongs (High voice) with orchestra$xScores.
700 1 $aLahor, Jean,$d1840-1909.
800 1 $aDuparc, Henri,$d1848-1933.$tMélodies pour chant & orchestre.
988   $a20020608
906   $0MH

