LEADER 01027ncm a22003131  4500
001 002000834-1
005 20020606093309.7
008 900813q19001922fr sga         n 0  fre d
028 20$aR.L. & Cie.343$bRouart, Lerolle
035 0 $aocm22457678
035 1 $aMAHSRC18445C
035 1 $zCTYS90C973
040   $aCtY-Mus$cCtY-Mus$dMH-Mu
048   $bva01$aoa
100 1 $aDuparc, Henri,$d1848-1933.
245 10$aInvitation au voyage.$cPoésie de C. Baudelaire.
260 0 $a[Paris,$bRouart, Lerolle,$c19--?]
300   $aScore (31 p.)$c28 cm.
490 1 $aHis Mélodies pour chant & orchestre
500   $aFor high voice and orchestra.
500   $aFrench words.
500   $aCaption title.
500   $aPl. no.: E. B. et Cie 343.
600 10$aBaudelaire, Charles,$d1821-1867$xMusical settings.
650  0$aSongs (High voice) with orchestra$xScores.
700 1 $aBaudelaire, Charles,$d1821-1867.
800 1 $aDuparc, Henri,$d1848-1933.$tMélodies pour chant & orchestre.
988   $a20020608
906   $0RLIN

