LEADER 00733ncm a22002411  4500
001 002000835-X
005 20020606093309.7
008 900809q19001922fr spb         n 0      d
028 20$aF.E.C.L. 4794$bRouart
035 0 $aocm22457679
035 1 $aMAHSRC18446C
035 1 $zINIS11440569C
040   $aCSfSt$cCSfSt$d*IUG*$dCStRLIN$dMH-Mu
048   $aoa
100 1 $aDuparc, Henri,$d1848-1933.
245 10$aLenore;$bpoème symphonique pour orchestre, d'après la ballade de Bürger.
260 0 $aParis,$bRouart$c[19--?]
300   $aminiature score (50 p.)$c22 cm.
500   $aPl. no.: F.E.C.L. 4794.
650  0$aSymphonic poems$xScores.
700 1 $aBürger, Gottfried August,$d1747-1794.
988   $a20020608
906   $0RLIN

