LEADER 00858ncm a22002651  4500
001 002000836-8
005 20020606093309.7
008 900809q19001922fr spa         n 0      d
028 20$aF.E.C.L. 3735$bRouart
035 0 $aocm22457680
035 1 $aMAHSRC18447C
040   $aMH-Mu$cMH-Mu
048   $aka02
100 1 $aDuparc, Henri,$d1848-1933.
240 10$aLénore;$oarranged
245 00$aLénore;$bpoème symphonique pour orchestre d'après la ballade de Bürger.$cTranscription pour piano 4 mains par C. Franck.
260 0 $aParis,$bRouart$c[19--?]
300   $aScore (31 p.)
500   $aOriginally for orchestra.
500   $aPl. no. F.E.C.L. 3735.
650  0$aSymphonic poems (Piano, 4 hands), Arranged$xScores.
700 1 $aFranck, César,$d1822-1890.
700 1 $aBürger, Gottfried August,$d1747-1794.
988   $a20020608
906   $0MH

