LEADER 01016ncm a22003011  4500
001 002000837-6
005 20110708190313.0
008 900809q19001922fr sga         n 0  fre d
028 20$aR.L.9998 & Cie$bRouart, Lerolle
035 0 $aocm22457681
035 1 $aMAHSRC18448C
040   $aMH-Mu$cMH-Mu
048   $avh01$aoa
100 1 $aDuparc, Henri,$d1848-1933.
245 13$aLa manoir de Rosemonde.$cPoésie de R. de Bonnières.
260 0 $aParis,$bRouart, Lerolle$c[19--?]
300   $aScore (15 p.)
490 1 $aHis Mélodies pour chant & orchestre
500   $aCaption title.
500   $aPl. no. R.L.9998 & Cie.
650  0$aSongs (High voice) with orchestra$vScores.
600 10$aBonnières, Robert de,$d1850-1905$xMusical settings.
700 1 $aSolti, Georg,$d1912-1997,$eformer owner.$5mus
710 2 $aSir Georg Solti Archive.$5mus
700 1 $aBonnières, Robert de,$d1850-1905.
800 1 $aDuparc, Henri,$d1848-1933.$tMélodies pour chant & orchestre.
988   $a20020608
906   $0MH

