LEADER 01018ncm a22003131  4500
001 002000838-4
005 20110708190314.0
008 900813q19001922fr sgan        n 0  fre d
028 20$aA.R.5068 L.& Cie.$bRouart, Lerolle
035 0 $aocm22457682
035 1 $aMAHSRC18449C
040   $aMH-Mu$cMH-Mu
045   $aw6x1
048   $avh01$aoa
100 1 $aDuparc, Henri,$d1848-1933.
245 10$aPhidylé.$cPoésie de Leconte de Lisle.
260 0 $aParis,$bRouart, Lerolle$c[19--?]
300   $ascore (23 p.)
490 1 $aHis Mélodies pour chant & orchestre
500   $aCaption title.
500   $aPl. no. A.R.5068 L.& Cie.
650  0$aSongs (High voice) with orchestra$vScores.
600 10$aLeconte de Lisle,$d1818-1894$xMusical settings.
700 1 $aLeconte de Lisle,$d1818-1894.
700 1 $aSolti, Georg,$d1912-1997,$eformer owner.$5mus
710 2 $aSir Georg Solti Archive.$5mus
800 1 $aDuparc, Henri,$d1848-1933.$tMélodies pour chant & orchestre.
988   $a20020608
906   $0MH

