LEADER 00971ncm a22002771a 4500
001 002000839-2
005 20020606093309.7
008 900810s1911    fr sga         n 0  fre d
028 20$aR.L. 5060$bSalabert
028 20$aR.L. 9735$bSalabert
035 0 $aocm12820685
035 1 $aMAHSRC18450C
040   $aMH-Mu$cMH-Mu
048   $avh01$aka01
100 1 $aDuparc, Henri,$d1848-1933.
240 10$aSongs.$kSelections
245 00$aMélodies.
250   $aNouv. éd. complète.
260 0 $aParis,$bSalabert$c[c1911]
300   $aScore (77 p.)
500   $a"No. 1: Voix élevées, ton original"
500   $aPl. no. R.L.5060/9735.
505 0 $aL'invitation au voyage. - Sérénade Florentine. - La vague et la cloche. - Extase. - Phidylé. - Le manoir de Rosemonde. - Lamento. - Testament. - Chanson triste. - Elegie. - Soupir. - La vie antérieure. - Au pays où se fait la guerre.
650  0$aSongs (High voice) with piano.
988   $a20020608
906   $0MH

