LEADER 01140ccm a22003251  4500
001 002000840-6
005 20020606093309.7
008 900810s1914    mausga         n 0 |eng d
028 30$a208a$bBoston Music Co.
028 20$aB.M.Co.4152--4158$bBoston Music Co.
035 0 $aocm14709862
035 1 $aMAHSRC18451C
040   $cODaWU$dm.c.$dCU-SB$dCStRLIN$dMH-Mu
041 1 $aengfre$hfre
048   $avh01$aka01
100 1 $aDuparc, Henri,$d1848-1933.
240 10$aSongs.$kSelections.$lEnglish & French
245 00$aAlbum of six songs,$cwith original French words rendered into English by Bliss Carman.
260 0 $aBoston,$bBoston Music Co.$c[c1914]
300   $aScore (35 p.)$c31 cm.
490 0 $aBoston Music Company edition,$v208a
500   $aWords in English and French.
500   $aFor high voice.
500   $aPl. no. B.M.Co.4152-4158.
505 0 $aL'invitation au voyage. - Soupir. - Extase. - Lamento. - Le manoir de Rosemonde. - Chanson triste.
650  0$aSongs (High voice) with piano.
700 1 $aCarman, Bliss,$d1861-1929.
700 1 $aCarman, Bliss,$d1861-1929.
988   $a20020608
906   $0RLIN

