LEADER 00602ncm a22002411  4500
001 002000841-4
005 20020606093309.7
008 900810q19001909fr sga         n 0  fre d
035 0 $aocm22457685
035 1 $aMAHSRC18452C
040   $aMH-Mu$cMH-Mu
045   $aw6x3
048   $avi01$aka01
100 1 $aDuparc, Henri,$d1848-1933.
240 10$aSongs.$kSelections
245 00$aMélodies.
260 0 $aParis,$bRouart$c[190-]
300   $aScore (72 p.)
500   $a"No. 2: Voix moyennes"
500   $aFrench words.
650  0$aSongs (Medium voice) with piano.
988   $a20020608
906   $0MH

