LEADER 00876ncm a22002891i 4500
001 002000842-2
005 20020606093309.7
008 900809s1980    fr zzaa        n 1       
010   $a   80772314 /M
028 20$aR 1756 RC$bEditions R. Rouge
035 0 $aocm08095060
035 1 $aMAHSRC18453C
035 1 $zNYPG84C6722
040   $cCSt$dCSt$dNN$dMH-Mu
045   $ax5x8
048   $asa01$aka01
050 00$aM221$b.D
100 1 $aDubois, Pierre Max,$d1930-1995.
245 10$aEn hamac :$bpour violon et piano /$cPierre Max Dubois ; [doigtés et annotations de Serge Blanc].
260 0 $aParis :$bEditions R. Rouge,$c[c1980]
300   $ascore (3 p.) and part ;$c31 cm.
500   $aDuration: 2 min., 30 sec.
500   $aPl. no. R 1756 RC.
650  0$aViolin and piano music$xScores and parts.
700 1 $aBlanc, Serge.
988   $a20020608
906   $0RLIN

