LEADER 00933ncm a22002891  4500
001 002000843-0
005 20020606093309.7
008 900809s1960    fr coc         n 0       
010   $am  60001966 
028 20$aA.L.22848$bA. Leduc
035 0 $aocm22457686
035 1 $aMAHSRC18454C
035 1 $zIAUG89C1453
040   $cIaU$dIaU$dMH-Mu
045 0 $bd1960
048   $aka01$bwd01$bwb01
050 0 $aM1106.D82$bD7
100 1 $aDubois, Pierre Max,$d1930-1995.
240 10$aDouble concertino,$moboe, bassoon, string orchestra;$oarranged
245 00$aDouble concertino$bpour hautbois, basson et orchestre à cordes. Hautbois, basson et piano.
260 0 $aParis,$bA. Leduc$c[1960]
300   $ascore (23 p.) and 2 parts.$c35 cm.
500   $aDuration: about 13 min.
500   $aPl. no. A.L.22848.
650  0$aConcertos (Bassoon and oboe with string orchestra)$xSolos with piano.
988   $a20020608
906   $0RLIN

