LEADER 00614ncm a22002411  4500
001 002000844-9
005 20020905140134.0
008 900809s1915    fr suz         n 0      d
028 20$aR. 283$bRicordi
035 0 $aocm22457687
035 1 $aMAHSRC18455C
040   $aMH-Mu$cMH-Mu
045   $ax1x1
048   $aka01
100 1 $aDuhamel, Maurice,$d1884-1940.
245 10$aEsquisses bretonnes$b(Trezigou breiz) pour piano.
246 3 $aTrezigou breiz.
260 0 $aParis,$bRicordi,$cc1915.
300   $aScore (20 p.)
500   $aPl. no. R. 283.
650  0$aSuites (Piano)
988   $a20020608
906   $0MH

