LEADER 01046ncm a2200337   4500
001 002000845-7
005 20130226115114.0
006 m|||| |||?|?||||||
008 900810q19001909fr spa   z     n 0      d
028 20$aD. & F. 5302$bDurand & Fils
035 0 $aocm22457688
035 0 $aocm20484368
035 1 $aMAHSRC18456C
040   $aMH-Mu$cMH-Mu
041 0 $gfre
045 0 $bd1897
048   $aoa
100 1 $aDukas, Paul,$d1865-1935.
240 10$aApprenti sorcier
245 12$aL'apprenti sorcier.$bScherzo d'après une ballade de Goethe.
254   $aPartition d'orchestre.
260   $aParis,$bDurand & Fils$c[190-?]
300   $a[iii], score (74 p.)$c34 cm.
500   $aFrench translation of Goethe's Der Zauberlehrling, p. [ii].
500   $aPl. no.: D. & F. 5302.
650  0$aSymphonic poems$vScores.
700 1 $aSolti, Georg,$d1912-1997,$eformer owner.$5mus
710 2 $aSir Georg Solti Archive.$5mus
700 1 $aGoethe, Johann Wolfgang von,$d1749-1832.$tZauberlehrling.
988   $a20020608
906   $0MH

