LEADER 00949ncm a2200313   4500
001 002000846-5
005 20020606093309.7
008 900809s1933    nyuspa         n 0       
010   $a   44048657 /r48
028 30$a65$bE.F. Kalmus
035 0 $aocm00499713
035 1 $aMAHSRC18457C
035 1 $zCOSG87C113
040   $aDLC$cOClW$dOCU$dOCoLC$d*IUG*$dCStRLIN$dMH-Mu
045 0 $bd1897
048   $aoa
050 0 $aM1002.D87$bA6 1933a
100 1 $aDukas, Paul,$d1865-1935.
240 10$aApprenti sorcier
245 14$aThe sorcerer's apprentice$b(L'apprenti sorcier)
260 0 $aScarsdale, New York,$bE.F. Kalmus,$cc1933.
300   $ascore (74 p.)$c31 cm.
490 0 $aKalmus miniature orchestra scores,$vno. 65
500   $aAfter a ballad by Goethe.
500   $aDuration: 12 min.
650  0$aSymphonic poems$xScores.
700 1 $aGoethe, Johann Wolfgang von,$d1749-1832.$tZauberlehrling.
988   $a20020608
906   $0DLC

