LEADER 01123ccm a22003011a 4500
001 002000847-3
005 20020606093309.7
008 900813s1914    mausga   d     n 1 |eng d
028 30$a208b$bBoston Music Co.
028 22$aB.M. Co. 4159--4165$bBoston Music Co.
035 0 $aocm83948928
035 1 $aMAHSRC18458C
040   $aCU$cCU$dNjP$dMH-Mu
041 1 $aengfre$hfre
045   $aw6x1
048   $avj01$aka01
100 1 $aDuparc, Henri,$d1848-1933.
240 10$aSongs.$kSelections.$lEnglish & French
245 00$aAlbum of six songs /$cby Henri Duparc ; with original French words rendered into English by Bliss Carman.
260 0 $aBoston :$bBoston Music Co.,$cc1914.
300   $a1 score (35 p.) ;$c31 cm.
490 0 $aBoston Music Company edition ;$v[208b]
500   $aFor low voice.
505 0 $aDreamworld (L'invitation au voyage) -- Longing (Soupir) -- Ecstasy (Extase) -- Lament (Lamento) -- The road to Rosemond (Le manoir de Rosemonde) -- Song of solace (Chanson triste)
650  0$aSongs (Low voice) with piano.
700 1 $aCarman, Bliss,$d1861-1929.
988   $a20020608
906   $0RLIN

