LEADER 01490ncm a22003251a 4500
001 002000848-1
005 20020606093309.7
008 900813s1952    nyusgan        n 1  fre  
010   $a   81770958 /M
028 22$a1113$bInternational Music
035 0 $aocm13593191
035 1 $aMAHSRC18459C
035 1 $zCTYS39525C
040   $aCU$cCU$dCtY-Mus$dMH-Mu
041 0 $afre$efreeng
045 2 $aw6x3
048   $avj01$aka01
050 0 $aM1620.D92$bK34
100 1 $aDuparc, Henri,$d1848-1933.
240 10$aSongs.$kSelections
245 00$a12 songs for voice and piano :$b(low) /$cDuparc ; edited by Sergius Kagen.
260 0 $aNew York :$bInternational Music,$cc1952.
300   $a1 score (71 p.) ;$c28 cm.
500   $aFrench words, also printed as text with English translation by Edith Braun prefacing each song.
505 0 $aPhidylé / [words by] Leconte de Lisle -- L'invitation au voyage / [words by] Charles Baudelaire -- Sérénade florentine ; Extase / [words by] Jean Lahor -- Le manoir de Rosamonde / [words by] Robert de Bonnières -- Lamento / [words by] Théophile Gautier -- Testament / [words by] Armand Silvestre -- Chanson triste / [words by] Jean Lahor -- Élégie -- Soupir / [words by] Sully Prudhomme -- La vie antérieure / [words by] Charles Baudelaire -- La vague et la cloche / [words by] François Coppée.
650  0$aSongs (Low voice) with piano.
700 1 $aKagen, Sergius.
700 1 $aBraun, Edith.
988   $a20020608
906   $0RLIN

