LEADER 01142ncm a22003251  4500
001 002000849-X
005 20020606093309.7
008 900813s1952    nyusga   d     n 0  fre  
010   $am  57000614 
035 0 $aocm12989827
035 1 $aMAHSRC18460C
035 1 $zPATG85C3600
040   $aDLC$cOOxM$dOCoLC$dm.c.$dOCoLC$d*IUG*$dCStRLIN$dMH-Mu
041 0 $afre$efreeng
045   $aw6x3
048   $avi01$aka01
050 0 $aM1620.D92$bK35
100 1 $aDuparc, Henri,$d1848-1933.
240 10$aSongs.$kSelections
245 00$a12 songs for voice and piano.$cEdited by Sergius Kagen. [English translation by Edith Braun]
260 0 $aNew York,$bInternational Music Co.$c[c1952]
300   $aiv, 73 p.$c28 cm.
500   $aMedium voice.
500   $aFrench words.
505 0 $aPhidylé. - L'invitation au voyage. - Sérénade florentine. - Extase. - Le manoir de Rosemonde. - Lamento. - Testament. - Chanson triste. - Elégie. - Soupir. - La vie antérieure. - La vague et la cloche.
650  0$aSongs (Medium voice) with piano.
700 1 $aKagen, Sergius.
700 1 $aBraun, Edith.
988   $a20020608
906   $0DLC

