LEADER 00790ncm a22002531  4500
001 002000850-3
005 20030725132337.0
008 900809s1921    fr opc         n 0  fre d
028 20$aH.& Cie.26046$bHeugel
035 0 $aocm05317223
035 1 $aMAHSRC18461C
035 1 $zCTYS90C596
040   $aCU$cCU$dMH-Mu
100 1 $aDupont, Gabriel,$d1878-1914.
240 10$aAntar.$sVocal score
245 10$aAntar;$bconte héroique en quatre actes et cinq tableaux$cde C. Ganem.
260 0 $aParis,$bHeugel$c[c1921]
300   $aVocal score (416 p.)
500   $aAt head of title: Académie nationale de musique et de danse.
500   $aPl. no. H. & Cie.26046.
650  0$aOperas$vVocal scores with piano.
700 1 $aGanem, Chekri,$d1861-1929.$4lbt
988   $a20020608
906   $0RLIN

