LEADER 00884ccm a22002771  4500
001 002000851-1
005 20020606093309.7
008 900813s1904    it opc         n 0  ger d
028 20$aE.1196 S$bSonzogno
035 0 $aocm22457689
035 1 $aMAHSRC18462C
040   $aCU$cCU$dMH-Mu
041 1 $ager$hfre
045 0 $bd1904
100 1 $aDupont, Gabriel,$d1878-1914.
240 10$aCabrera.$sVocal score.$lGerman
245 03$aLa cabrera;$bMusikdrama in einem Akt (zwei Bilder)$cvon H. Cain. Deutsch von F. M. La Violette.
260 0 $aMailand,$bSonzogno,$cc1904.
300   $aVocal score (124 p.)
500   $aTitle also in German; words also in German.
500   $aThe original libretto, in French, is by Henri Cain.
500   $aPl. no. E.1196 S.
650  0$aOperas$vVocal scores with piano.
700 1 $aCain, Henri,$d1859-1937.
988   $a20020608
906   $0RLIN

