LEADER 00754ncm a22002771  4500
001 002000852-X
005 20020606093309.7
008 900813s1912    fr opc         n 0  fre d
028 20$aH.et Cie.25126$bHeugel
035 0 $aocm22457690
035 1 $aMAHSRC18463C
035 1 $zCUBG85C1745
040   $aCU$cCU$dMH-Mu
045   $aw9x1
100 1 $aDupont, Gabriel,$d1878-1914.
240 10$aFarce du cuvier.$sVocal score
245 03$aLa farce du cuvier.
260 0 $aParis,$bHeugel,$cc1912.
300   $aVocal score (346 p.)
500   $aFrench words.
500   $aLibretto by M. Léna.
500   $aPl. no. H.et Cie.25126.
650  0$aOperas$xVocal scores with piano.
700 1 $aLéna, Maurice,$d-1928.
988   $a20020608
906   $0RLIN

