LEADER 00707ncm a22002411  4500
001 002000853-8
005 20020606093309.7
008 900809s1911    fr zza         n 0      d
028 20$aH.& Cie.25282$bHeugel
035 0 $aocm22457691
035 1 $aMAHSRC18464C
035 1 $zNYRS18594924C
040   $a*RER*$c*RER*$dCStRLIN$dMH-Mu
048   $asa02$asb01$asc01$aka01
100 1 $aDupont, Gabriel,$d1878-1914.
240 10$aPoème,$mpiano quintet
245 00$aPoème pour piano et quatuor à cordes.
260 0 $aParis,$bHeugel$c[c1911]
300   $ascore (85 p.) and 4 parts.$c32 cm.
500   $aPl. no. H.& Cie.25282.
650  0$aPiano quintets$xScores and parts.
988   $a20020608
906   $0RLIN

