LEADER 01071ncm a2200277   4500
001 002000854-6
005 20020606093309.7
008 900814s1933    fr sna         n 0      d
028 20$aD.F.459$bDelrieu
035 0 $aocm22457692
035 1 $aMAHSRC18465C
040   $aMH-Mu$cMH-Mu
048   $asc01$aka01
100 1 $aDuport, J. L.$q(Jean Louis),$d1749-1819.
240 10$aSonatas,$mcello, continuo,$nno. 2,$rG major
245 00$aIIe sonate,$carrangée pour violoncelle et piano par L. R. Feuillard.
260 0 $aNice,$bDelrieu$c[c1933]
300   $aScore (13 p.) & part.$c32 cm.
490 0 $aEcole classique du violoncelle
500   $aAccording to Gertrude Shaw's dissertation (Catholic University, 1963), this is an arrangement by Feuillard of various movements from works of Jean-Louis Duport and his brother Jean-Pierre Duport.
500   $aPl. no. D.F.459.
650  0$aSonatas (Cello and piano)$xScores and parts.
700 1 $aDuport, Jean-Pierre,$d1741-1818.
700 1 $aFeuillard, L. R.$q(Louis R.),$d1872-1941.
988   $a20020608
906   $0MH

