LEADER 01075ccm a2200277   4500
001 002000855-4
005 20020606093309.7
008 900814s1933    fr sna         n 0      d
028 20$aD.F. 452$bDelrieu
035 0 $aocm22457693
035 1 $aMAHSRC18466C
040   $aMH-Mu$cMH-Mu
048   $asc01$aka01
100 1 $aDuport, J. L.$q(Jean Louis),$d1749-1819.
240 10$aSonatas,$mcello, continuo,$nno. 1,$rG major
245 00$a1ère sonate.$cArrangement pour violoncelle et piano par L.-R. Feuillard.
260 0 $aNice,$bDelrieu$c[c1933]
300   $aScore (11 p.) & part.$c30 cm.
490 0 $aSonates et suites célèbres
500   $aPl. no. D.F. 452.
500   $aAccording to Gertrude Shaw's dissertation (Catholic University, 1963), this is an arrangement by Feuillard of various movements from works of Jean-Louis Duport and his brother Jean-Pierre Duport.
650  0$aSonatas (Cello and piano)$xScores and parts.
700 1 $aFeuillard, L. R.$q(Louis R.),$d1872-1941.
700 1 $aDuport, Jean-Pierre,$d1741-1818.
988   $a20020608
906   $0MH

