LEADER 02059ncm a2200349   4500
001 002000856-2
005 20020606093309.7
008 900814s1922    enksga         n 0  eng d
028 20$aSt. & B. 3205$bStainer & Bell
028 20$aSt. & B. 3206$bStainer & Bell
035 0 $aocm03343833
035 1 $aMAHSRC18467C
035 1 $zNYUG86C3102
040   $aCU$cCU$dNNU$dMH-Mu
045 0 $bd1600
048   $avi01$atc01
048   $avi01$aka01
100 1 $aDowland, John,$d1563?-1626.
240 10$aSongs or ayres,$n2nd book
245 10$aSecond book of airs :$b(1600).
260 0 $aLondon,$bStainer & Bell$c[c1922]
300   $ascore (2 v.)$c28 cm.
440  0$aEnglish school of lutenist song writers ;$v[5-6]
500   $aPaged continuously.
500   $aWith reproduction of the dedications of George Eastland, the publisher, and John Dowland from the original edition.
500   $aOriginal title: The second booke of songs or ayre, of 2. 4. and 5. parts : with tableture for the lute or orpherian, with the violl de gamba ... Also an excellent lesson for the lute and base viol, called Dowlands adew.
500   $aFor solo voice, except no. 22, which is a duet. Two versions of ech song are given : one with lute accompaniment in modern notation and in tablature, and one with accompaniment arranged for piano. Additional vocal and instrumental parts are omitted.
505 0 $apt. I. I saw my lady weep. Flow, my tears. Sorrow, stay. Die not before thy day. Mourn! Day is with darkness fled. Time's eldest son, Old age. Then sit thee down and say. When others sing Venite. Praise blindness, eyes. O sweet woods. - pt. II. If floods of tears. Fine knacks for ladies. Now cease, my wandering eyes. Come ye heavy states of night. White as lilies was her face. Woeful heart. A shepherd in a shade. Faction that ever dwells. Shall I sue? Toss not my soul. Clear or cloudy. Humour, say what mak'st thou here?
650  0$aSongs (Medium voice) with lute.
650  0$aSongs (Medium voice) with piano.
988   $a20020608
906   $0RLIN

