LEADER 00754ncm a22002531  4500
001 002000857-0
005 20020606093309.7
008 900813s1908    fr zzz         n 0      d
035 0 $aocm08456933
035 1 $aMAHSRC18468C
035 1 $zCUBG86C6800
040   $aCU$cCU$dMH-Mu
045 0 $bd1897
048   $aka01
100 1 $aDukas, Paul,$d1865-1935.
240 10$aApprenti sorcier;$oarranged
245 02$aL'apprenti sorcier;$bscherzo d'après une ballade de Goethe.
260 0 $aParis,$bDurand$c[c1908]
300   $ascore (25 p.)$c37 cm.
500   $aFor piano; originally for orchestra.
650  0$aSymphonic poems (Piano), Arranged.
700 1 $aGoethe, Johann Wolfgang von,$d1749-1832.$tZauberlehrling.
988   $a20020608
906   $0RLIN

