LEADER 00730ncm a22002411i 4500
001 002000858-9
005 20020606093309.7
008 900813s1907    fr opb         n 1  fre d
035 0 $aocm10338301
035 1 $aMAHSRC18469C
035 1 $zCSUG87C849
040   $aCU$cCU$dMH-Mu
045 2 $bd1899$bd1906
100 1 $aDukas, Paul,$d1865-1935.
240 10$aAriane et Barbe-bleue
245 00$aAriane et Barbe-Bleue :$bconte en trois actes /$cpoème de Maurice Maeterlinck ; musique de Paul Dukas.
260 0 $aParis :$bA. Durand,$cc1907.
300   $aMiniature score (572 p.) ;$c23 cm.
500   $aWords in French.
650  0$aOperas$xScores.
700 1 $aMaeterlinck, Maurice,$d1862-1949.
988   $a20020608
906   $0RLIN

