LEADER 00789ncm a2200265 i 4500
001 002000859-7
005 20110131143036.0
008 900813s1909    fr opz         n 1      d
035 0 $aocm17711943
035 1 $aMAHSRC18470C
035 1 $zCTYS87C965
040   $aCtY-Mus$cCtY-Mus$dMH-Mu
045 2 $bd1899$bd1906
048   $aka01
100 1 $aDukas, Paul,$d1865-1935.
240 10$aAriane et Barbe-bleue;$oarranged
245 00$aAriane et Barbe-Bleue /$cPaul Dukas ; [transcription pour piano seul par Léon Roques]
260 0 $aParis :$bDurand,$cc1909.
300   $a1 piano score (200 p.) ;$c29 cm.
500   $aArranged for piano.
500   $aLibretto by Maurice Maeterlinck.
650  0$aOperas$xPiano scores.
700 1 $aRoques, Léon.
988   $a20020608
906   $0RLIN

