LEADER 01158ccm a2200301 a 4500
001 002000860-0
005 20040602125344.0
008 900813s1906    fr opc         n 0  fre d
028 32$aD.& F.6572$bA. Durand
035 0 $aocm01900925
035 1 $aMAHSRC18471C
040   $aMH-Mu$cMH-Mu$dHMU
045 0 $bd1906
100 1 $aDukas, Paul,$d1865-1935.
240 10$aAriane et Barbe-bleue.$sVocal score
245 10$aAriane et Barbe-Bleue :$bconte en trois actes /$cpoème de Maurice Maeterlinck ; musique de Paul Dukas ; partition pour chant et piano réduite par l'auteur.
250   $a[1st ed.].
260   $aParis :$bA. Durand,$cc1906.
300   $a1 vocal score (249 p.) ;$c32 cm.
546   $aWords in French, after Charles Perrault.
500   $aCast for 1st performance listed in preliminaries.
650  0$aOperas$vVocal scores with piano.
700 1 $aMaeterlinck, Maurice,$d1862-1949.$4lbt
700 1 $aPerrault, Charles,$d1628-1703.$tBarbe bleue.
710 2 $aPackard Humanities Institute Music Collection at Harvard.$5mus
710 2 $aRuth Neils and John M. Ward Collection of Opera Scores.$5mus
988   $a20020608
906   $0MH

