LEADER 00703ccm a22002291  4500
001 002000861-9
005 20020606093309.7
008 900810s1850    fr sgz   hi    n 1  fre d
035 0 $aocm22457694
035 1 $aMAHSRC18472C
040   $aMH-Mu$cMH-Mu
048   $avi01
100 1 $aDupont, Pierre,$d1821-1870.
240 10$aSongs
245 00$a[Six songs]
260 0 $aParis,$bCassanet,$c1850.
300   $a6 v. in 1.
500   $aUnaccompanied songs.
505 0 $aDieu sauve la république. - La romance du peuplier. - Le chant des étudiants. - Le chant des nations. - Le chant des paysans. - Le chant des soldats.
650  0$aSongs (Medium voice), Unaccompanied.
988   $a20020608
906   $0MH

