LEADER 00686ncm a22002531  4500
001 002000862-7
005 20020606093309.7
008 900813q18001809fr sna         n 0      d
028 20$a117$bImbault
035 0 $aocm22457695
035 1 $aMAHSRC18473C
040   $aMH-Mu$cMH-Mu
045 0 $bd1788
048   $asc01$ake
100 1 $aDuport, Jean-Pierre,$d1741-1818.
240 10$aSonatas,$mcello, continuo,$nop. 3
245 00$aSix sonates pour le violoncelle.$bOeuvre IIIe.
250   $a2e. éd.
260 0 $aParis,$bImbault$c[180-]
300   $aScore (35 p.)$c34 cm.
500   $aPl. no. 117.
650  0$aSonatas (Cello and continuo)$xScores.
988   $a20020608
906   $0MH

