LEADER 00817ncm a2200253   4500
001 002000863-5
005 20020606093309.7
008 900809s1922    fr snaa        n 0      d
028 20$aE.M.S.4773-5353$bSenart
035 0 $aocm13315658
035 1 $aMAHSRC18474C
035 1 $zNYRS13315658C
040   $a*RER*$c*RER*$dCStRLIN$dMH-Mu
048   $asc01$aka01
100 1 $aDuport, Jean-Pierre,$d1741-1818.
240 10$aSonatas,$mcello, continuo,$rA minor
245 00$aSonate en La mineur pour violoncelle et piano.$cTranscrite et harmonisée par Paul Bazelaire.
260 0 $aParis,$bSenart,$cc1922.
300   $ascore (10 p.) and parts.$c34 cm.
490 0 $aEdition nationale
650  0$aSonatas (Cello and piano)$xScores and parts.
700 1 $aBazelaire, Paul,$d1886-1958.
988   $a20020608
906   $0RLIN

