LEADER 00857ccm a22002771  4500
001 002000864-3
005 20020606093309.7
008 900809q18501899fr opc         n 0  fre d
028 20$a285$bHeugel
035 0 $aocm22457697
035 1 $aMAHSRC18475C
040   $aMH-Mu$cMH-Mu
045   $aw5w6
100 1 $aDuprato, Jules,$d1827-1892.
240 10$aFiancée de Corinthe.$sVocal score
245 03$aLa fiancée de Corinthe;$bopéra en un acte.$cParoles de Camille du Locle.
260 0 $aParis,$bHeugel,$c[between 1850 and 1899]
300   $a14 p., vocal score (88 p.)
490 0 $aAcadémie impériale de musique
500   $aFrench words.
500   $aPl. no. 285.
650  0$aOperas$xVocal scores with piano.
700 1 $aDu Locle, Camille,$d1832-1903.
700 1 $aGoethe, Johann Wolfgang von,$d1749-1832.
988   $a20020608
906   $0MH

