LEADER 01018ccm a2200277 a 4500
001 002000865-1
005 20021206164854.0
008 900809s1861    fr opc         n 0  fre d
028 22$aC.M.9518$bE. Gérard
035 0 $aocm08638056
035 1 $aMAHSRC18476C
035 1 $zCUBG85C1701
040   $aCU$cCU$dMH-Mu$dHMU
100 1 $aDuprato, Jules,$d1827-1892.
240 10$aSalvator Rosa.$sVocal score
245 10$aSalvator Rosa :$bopéra comique en 3 actes /$cparoles de E. Grangé et H. Trianon ; musique de J. Duprato ; partition chant et piano.
260   $aParis :$bE. Gérard,$c[1861?]
300   $a1 vocal score (296 p.) ;$c28 cm.
546   $aFrench words.
500   $aCast for 1st performance (Paris, Opéra comique, April 30, 1861) listed in preliminaries.
650  0$aOperas$vVocal scores with piano.
700 1 $aGrangé, Eugène,$d1810-1887.$4lbt
700 1 $aTrianon, Henri.$4lbt
710 2 $aRuth Neils and John M. Ward Collection of Opera Scores.$5mus
988   $a20020608
906   $0RLIN

