LEADER 00646ncm a22002291a 4500
001 002000866-X
005 20020606093309.7
008 900813s1932    fr suz         n 1      d
028 22$aD. & F. 12,207$bDurand & Cie
035 0 $aocm14011949
035 1 $aMAHSRC18477C
035 1 $zMNUG87C135
040   $aUPB$cUPB$d*m/c*$d*IUG*$dCStRLIN$dMH-Mu
045 0 $bd1931
048   $akb01
100 1 $aDupré, Marcel,$d1886-1971.
245 03$aLe chemin de la croix :$bop. 29, pour orgue /$cMarcel Dupré.
260 0 $aParis :$bDurand & Cie,$cc1932.
300   $a69 p. of music ;$c30 cm.
650  0$aSuites (Organ)
988   $a20020608
906   $0RLIN

