LEADER 00812ccm a2200289 a 4500
001 002000867-8
005 20020606093309.7
008 900809s1962    fr fgz         n 1      d
010   $a   63031302 
028 22$aS.B.5418$bBornemann
035 0 $aocm03143410
035 1 $aMAHSRC18478C
035 1 $zNHDG86C336
040   $cNN$dNN$dUPB$dNhD$dMH-Mu
045 0 $bd1957
048   $akb01
050 0 $aM10$b.D
100 1 $aDupré, Marcel,$d1886-1971.
240 10$aChoral et fugue,$morgan,$nop. 57
245 00$aChoral et fugue pour orgue /$cMarcel Dupré.
260 0 $aParis :$bBornemann,$cc1962.
300   $a12 p. of music ;$c32 cm.
505 0 $aChoral (Salve regina) -- Fugue (Alleluia pascal)
650  0$aCanons, fugues, etc. (Organ)
650  0$aOrgan music.
988   $a20020608
906   $0RLIN

