LEADER 00762ncm a2200265 a 4500
001 002000868-6
005 20130318154154.0
008 900809s1924    fr zzz         n 1      d
028 22$aA.L. 16,850$bLeduc
035 0 $aocm22457699
035 1 $aMAHSRC18479C
035 1 $zMDJS87C1081
040   $aNhD$cNhD$dCStRLIN$dMdBPC$dMH-Mu
045 0 $bd1921
048   $akb01
100 1 $aDupré, Marcel,$d1886-1971.
240 10$aPièces,$mpiano,$nop. 19.$pCortège et litanie
245 00$aCortège et litanie :$bpour grand orgue : op. 19, no. 2 /$cMarcel Dupré.
260 0 $aParis :$bLeduc,$cc1924.
300   $a8 p. of music ;$c35 cm.
500   $aOriginally for piano.
500   $aCover title.
650  0$aOrgan music.
988   $a20020608
906   $0RLIN

