LEADER 00774ncm a22002891  4500
001 002000869-4
005 20141208144924.0
008 900813s1942    fr spz         n 0      c
010   $aa  51001860 
028 20$aS.B.5294$bS. Bornemann
035 0 $aocm03156464
035 1 $aMAHSRC18480C
035 1 $zINIS3156464C
040   $aDLC$cODaWU$d*IUG*$dCStRLIN$dMH-Mu
045 0 $bd1941
048   $akb01
050  4$aM9$b.D94 op. 37
100 1 $aDupré, Marcel,$d1886-1971.
240 10$aÉvocation
245 10$aEvocation;$bpoème symphonique pour orgue. [Op. 37]
260 0 $aParis,$bS. Bornemann,$cc1942.
300   $a35 p.$c32 cm.
500   $aPl. no. S.B.5294.
650  0$aSymphonic poems (Organ)
650  0$aOrgan music.
988   $a20020608
906   $0DLC

