LEADER 00795ccm a22002651  4500
001 002000870-8
005 20020606093309.7
008 900813s1965    fr zzz         n 0       
010   $a   66032641 /M
028 20$aS.B. 5424-1--5424-2$bEditions Bornemann
035 0 $aocm82445322
035 1 $aMAHSRC18481C
040   $aDLC$cODaWU$d*IUG*$dCStRLIN$dMH-Mu
045 0 $bd1961
048   $akb01
050 0 $aM11$b.D
100 1 $aDupré, Marcel,$d1886-1971.
245 10$aIn memoriam,$bop. 61, pour orgue.
260 0 $aParis,$bEditions Bornemann$c[c1965]
300   $a2 v. in 1.$c32 cm.
500   $aPl. no.: S.B. 5424-1, 2.
505 0 $a1. livre. Prélude. Allegretto. Méditation. - 2. livre. Quod libet. Ricercare. Postlude.
650  0$aOrgan music.
988   $a20020608
906   $0DLC

