LEADER 00628ncm a22002411  4500
001 002000871-6
005 20020606093309.7
008 900814s1928    fr zzz         n 0      d
028 20$aA.L.17,338$bA. Leduc
035 0 $aocm00565205
035 1 $aMAHSRC18482C
035 1 $zINIS565205C
040   $aODaWU$cODaWU$dKyLoU$d*IUG*$dCStRLIN$dMH-Mu
045   $ax0x2
048   $akb01
100 1 $aDupré, Marcel,$d1886-1971.
245 10$aLamento,$bpour orgue.
260 0 $aParis,$bA. Leduc$c[c1928]
300   $aScore (7 p.)$c32 cm.
500   $aPl. no.: A.L.17,338.
650  0$aOrgan music.
988   $a20020608
906   $0RLIN

