LEADER 00803ncm a22002771i 4500
001 002000872-4
005 20020606093309.7
008 900814s1920    fr muz         n 0      d
028 20$aA.L.16,405$bA. Leduc
035 0 $aocm14013147
035 1 $aMAHSRC18483C
035 1 $zCTYS86C2636
040   $aODaWU$cODaWU$dTxHR$d*OCL*$dPU$dCStRLIN$dCU-SB$dMH-Mu
045   $ax0x7
047   $apr$afg
048   $akb01
100 1 $aDupré, Marcel,$d1886-1971.
240 10$aPreludes et fugues,$morgan,$nop. 7
245 00$aTrois préludes et fugues :$bpour grand orgue /$cMarcel Dupré.
260 0 $aParis :$bA. Leduc,$c1920.
300   $aScore (41 p.) ;$c32 cm.
500   $aPl. no. A. L. 16,405.
650  0$aCanons, fugues, etc. (Organ)
650  0$aOrgan music.
988   $a20020608
906   $0RLIN

