LEADER 02320ccm a2200397   4500
001 002000873-2
005 20020606093309.7
008 900814s1922    enksga         n 0  eng c
010   $aac 38003671 /r45
028 20$aW.R. 4073$bW. Rogers ltd.
028 20$aW.R. 4101$bW. Rogers ltd.
035 0 $aocm22457701
035 1 $aMAHSRC18484C
040   $aCtY-Mus$cCtY-Mus$dMH-Mu
045   $at6u0
048   $avi01$atc01
048   $avi01$aka01
050  4$aM2$b.F42 vol.5-6
082   $a784.8
100 1 $aDowland, John,$d1563?-1626.
240 10$aSongs or ayres,$n2nd book
245 00$aSecond book of airs.$b(1600)$cTranscribed, scored & edited from the original editions by Edmund Horace Fellowes.
260 0 $aLondon,$bW. Rogers ltd.;$aBoston,$bBoston music co.$c[c1922]
300   $a2 v. in 1 (89 p.)$c28 cm.
440  0$aEnglish school of lutenist song writers ;$v[5-6]
500   $aPaged continuously.
500   $aWith reproduction of the dedications of George Eastland, the publisher, and John Dowland from the original edition.
500   $aOriginal title: The second booke of songs or ayre, of 2. 4. and 5. parts : with tableture for the lute or orpherian, with the violl de gamba ... Also an excellent lesson for the lute and base viol, called Dowlands adew.
500   $aFor solo voice, except no. 22, which is a duet. Two versions of each song are given: one with lute accompaniment in modern notation and in tablature, and one with accompaniment arranged for piano. Additional vocal and instrumental parts are omitted.
505 0 $apt. I. I saw my lady weep. Flow, my tears. Sorrow, stay. Die not before thy day. Mourn! Day is with darkness fled. Time's eldest son, Old age. Then sit thee down and say. When others sing Venite. Praise blindness, eyes. O sweet woods. - pt. II. If floods of tears. Fine knacks for ladies. Now cease, my wandering eyes. Come ye heavy states of night. White as lilies was her face. Woeful heart. A shepherd in a shade. Faction that ever dwells. Shall I sue? Toss not my soul. Clear or cloudy. Humour, say what mak'st thou here?
500   $aPl. no. W.R. 4073, 4101.
650  0$aSongs (Medium voice) with lute.
650  0$aSongs (Medium voice) with piano.
700 1 $aFellowes, Edmund H.,$d1870-1951.
988   $a20020608
906   $0RLIN

