LEADER 01853ccm a2200313   4500
001 002000874-0
005 20020606093309.7
008 900814s1923    enksga         n 0  eng d
035 0 $aocm82302837
035 1 $aMAHSRC18485C
040   $aNNU$cNNU$dCtY-Mus$dMH-Mu
045   $at6u0
048   $avi01$atc01
048   $avi01$aka01
100 1 $aDowland, John,$d1563?-1626.
240 10$aSongs or ayres,$n3rd book
245 00$aThird book of airs.$cTranscribed, scored and edited from the original editions by Edmund Horace Fellowes.
260 0 $aLondon,$bStainer & Bell$c[c1923]
300   $a2 v. (83 p.)$c28 cm.
440  0$aEnglish school of lutenist song writers ;$v[10-11]
500   $aWith reproduction of "The epistle to the reader" and the dedication from the original edition.
500   $aPaged continuously.
500   $aFor solo voice, except no. 21, which is a duet. Two versions of each song are given: one with lute accompaniment in modern notation and in tablature, and one with accompaniment arranged for piano. Additional vocal and instrumental parts are omitted.
505 0 $apt. I. Farewell, too fair. Time stands still. Behold a wonder here. Daphne was not so chaste. Me, me, and none but me. When Phoebus first did Daphne love. Say, love, if ever thou didst find. Flow not so fast, ye fountains. What if I never speed? Love stood amazed. - pt. II. Lend your ears to my sorrow. By a fountain where I lay. O what hath overrought? Farewell, unkind! Weep you no more, sad fountains. Fie on this feigning. I must complain. It was a time when silly bees. The lowest trees have tops. What poor astronomers are they. Come when I call (a dialogue)
650  0$aSongs (Medium voice) with lute.
650  0$aSongs (Medium voice) with piano.
700 1 $aFellowes, Edmund H.,$d1870-1951.
988   $a20020608
906   $0RLIN

