LEADER 01232ccm a2200337Ia 4500
001 002000875-9
005 20141031142049.0
008 940202s1923    enk  a         n    eng d
028 20$aW.R. 4142 (pt. 2)$bStainer & Bell
028 20$aW.R. 4138 (pt. 1)$bStainer & Bell
035 0 $aocm22457703
035 0 $aocn221522034
040   $aAU@$beng$cAU@$dOCLCQ$dOCLCF$dHMU
100 1 $aDowland, John,$d1563?-1626.
240 10$aSongs or ayres.$n3rd book
245 10$aThird book of airs, 1603 /$cJohn Dowland.
260   $aLondon :$bStainer & Bell,$cc1923.
300   $a1 score (2 v.) ;$c28 cm.
490 1 $aEnglish school of lutenist song writers
500   $aTranscribed, scored and edited from the original editions by Edmund Horace Fellowes.
500   $aAn alternative version especially adapted for piano is also given with each song.
500   $aThe original acc. is printed both in lute tablature and in modern notation.
500   $aPl. no.: W.R. 4138, 4142.
650  0$aSongs with lute.
650  0$aSongs with piano.
650  7$aSongs with lute.$2fast
650  7$aSongs with piano.$2fast
830  0$aEnglish school of lutenist song writers.
988   $a20020608
049   $aHMUU
906   $0OCLC

