LEADER 00828ncm a22002771a 4500
001 002000876-7
005 20020606093309.7
008 900814s1942    fr muz         n 1      d
028 22$aS.B. 5285--5287$bS. Bornemann
035 0 $aocm22457704
035 1 $aMAHSRC18487C
035 1 $zUTBG83C196
040   $aUPB$cUPB$dMH-Mu
045   $ax3x4
047   $apr$afg
048   $akb01
100 1 $aDupré, Marcel,$d1886-1971.
240 10$aPréludes et fugues,$morgan,$nop. 36
245 00$a[Trois préludes et fugues, op. 36] /$cMarcel Dupré.
260 0 $aParis :$bS. Bornemann,$cc1942.
300   $a3 v. of music in 1 ;$c32 cm.
505 0 $aNo. 1, en mi mineur -- No. 2, en la bémol majeur -- No. 3, en do majeur.
650  0$aCanons, fugues, etc. (Organ)
650  0$aOrgan music.
988   $a20020608
906   $0RLIN

