LEADER 00681ncm a22002291a 4500
001 002000877-5
005 20020606093309.7
008 900814s1924    fr suz         n 1      d
028 22$aA.L. 16912$bLeduc
035 0 $aocm00510938
035 1 $aMAHSRC18488C
035 1 $zMDJS87C1080
040   $aODaWU$cODaWU$dNRU-Mus$d*m/c*$d*IUG*$dCStRLIN
048   $akb01
100 1 $aDupré, Marcel,$d1886-1971.
245 10$aSuite bretonne :$bpour grand orgue, op. 21 /$cMarcel Dupré.
260 0 $aParis :$bLeduc,$cc1924.
300   $a24 p. of music ;$c35 cm.
505 0 $aBerceuse -- Fileuse -- Les cloches de Perros-Guirec.
650  0$aSuites (Organ)
988   $a20020608
906   $0RLIN

