LEADER 00767ccm a22002411  4500
001 002000878-3
005 20020606093309.7
008 900814s1961    nyuzza         n 0       
010   $am  61001615 
035 0 $aocm03673613
035 1 $aMAHSRC18489C
040   $aDLC$cMH-Mh$dMH-Mu
048   $akb01$asa01$asb01$asc01
050 0 $aM402$b.D86 op.52
100 1 $aDupré, Marcel,$d1886-1971.
240 10$aQuartet,$morgan, violin, viola, cello,$nop. 52
245 00$aQuartet for violin, viola, violoncello, and organ.
260 0 $aNew York,$bH. W. Gray Co., agents for Novello$c[1961]
300   $aScore (30 p.) and 3 parts.$c32 cm.
500   $aCover title.
650  0$aQuartets (Organ, violin, viola, cello)$xScores and parts.
988   $a20020608
906   $0DLC

