LEADER 00710ncm a22002531i 4500
001 002000879-1
005 20020606093309.7
008 900814s1925    fr syz         n 0      d
028 20$aA.L. 16,921$bA. Leduc
035 0 $aocm00510941
035 1 $aMAHSRC18490C
035 1 $zCTYS86C2203
040   $a*YUU*$c*YUU*$dm.c.$d*IUG*$dCStRLIN$dMH-Mu
048   $akb01
100 1 $aDupré, Marcel,$d1886-1971.
245 10$aSymphonie-passion :$bpour grand orgue, op. 23 /$cMarcel Dupré.
260 0 $aParis :$bA. Leduc,$c[c1925]
300   $a41 p. ;$c35 cm.
500   $aCover title.
500   $aPl. no. A.L. 16,921.
650  0$aSymphonies (Organ)
650  0$aOrgan music.
988   $a20020608
906   $0RLIN

