LEADER 00774ncm a22002771i 4500
001 002000880-5
005 20020606093309.7
008 900814s1930    fr syz         n 1      d
028 20$aE. M. S. 8003.
035 0 $aocm00671730
035 1 $aMAHSRC18491C
035 1 $zPAUG0312C
040   $aPU$cPU$dCStRLIN$dMH-Mu
045   $ax2x2
048   $akb01
100 1 $aDupré, Marcel,$d1886-1971.
240 10$aSymphonies,$morgan,$nno. 2, op. 26
245 00$aDeuxième symphonie pour orgue /$cMarcel Dupré.
260 0 $aParis ;$aNew York :$bEditions Salabert,$cc1930.
300   $a31 p. ;$c31 cm.
490 0 $aCollection Maurice Senart
500   $aCover title.
500   $aPl. no. E. M. S. 8003.
650  0$aSymphonies (Organ)
988   $a20020608
906   $0RLIN

