LEADER 00861ncm a2200277 a 4500
001 002000881-3
005 20040707100437.0
008 900814s1911    fr btb         n 1      d
028 30$aD. & F. 8345$bA. Durand
035 0 $aocm22457705
035 1 $aMAHSRC18492C
040   $aMH-Mu$cMH-Mu
045 2 $bd1911$bd1912
100 1 $aDukas, Paul,$d1865-1935.
245 13$aLa Péri :$bpoème dansé /$cPaul Dukas.
254   $aPartition d'orchestre.
260   $aParis :$bA. Durand,$c1911.
300   $a1 miniature score (137 p.) ;$c22 cm.
500   $aFor orchestra.
500   $aPub. no.: D. & F. 8345.
650  0$aBallets$vScores.
700 1 $aGrosbayne, Benjamin,$d1893-1976,$eformer owner.$5the
710 2 $aJohn Milton and Ruth Neils Ward Collection (Harvard Theatre Collection)$5the
752   $aFrance$dParis.
988   $a20020608
906   $0MH

