LEADER 00955ccm a2200301 a 4500
001 002000882-1
005 20040707114615.0
008 900814s1911    fr btz         n 1      d
028 20$aD. & F. 8167$bA. Durand
035 0 $aocn229790894
035 1 $aMAHSRC18494C
035 1 $zCTYS87C925
040   $aPPT$cPPT$dCU$dMH-Mu
045 2 $bd1911$bd1912
048   $aka01
100 1 $aDukas, Paul,$d1865-1935.
240 10$aPéri;$oarranged
245 13$aLa Péri :$bpoème dansé /$cPaul Dukas ; réduction pour piano par Léon Roques.
260   $aParis :$bA. Durand,$cc1911.
300   $a1 piano score (35 p.) ;$c34 cm.
500   $aArr. for piano; originally for orchestra.
500   $aPl. no.: D. & F. 8167.
650  0$aBallets$vPiano scores.
700 1 $aRoques, Léon,$earranger.
710 2 $aJohn Milton and Ruth Neils Ward Collection (Harvard Theatre Collection)$5the
752   $aFrance$dParis.
988   $a20020608
906   $0RLIN

