LEADER 00727ncm a2200265 i 4500
001 002000883-X
005 20020606093309.7
008 900814s1927    fr btaa        n 0      d
028 20$aD. & F. 11077$bDurand
035 0 $aocm02032230
035 1 $aMAHSRC18495C
035 1 $zCUBG85C9509
040   $aCU$cCU$dMH-Mu
045 2 $bd1911$bd1912
048   $aof
100 1 $aDukas, Paul,$d1865-1935.
240 10$aPéri.$pFanfare
245 10$aFanfare pour précéder La péri.
260 0 $aParis :$bDurand,$c[c1927]
300   $aScore (5 p.) ;$c35 cm.
500   $aFor brass ensemble (3 trumpets, 4 horns, 3 trombones and tuba)
500   $aPl. no. D. & F. 11077.
650  0$aFanfares.
988   $a20020608
906   $0RLIN

