LEADER 00989ncm a2200289 i 4500
001 002000884-8
005 20020606093309.7
008 900814s1921    fr zzz         n 1      d
028 20$aD. & F. 9951$bDurand
035 0 $aocm21821815
035 1 $aMAHSRC18496C
035 1 $zPAUG87C227
040   $aCU$cCU$dMH-Mu
045 0 $bd1920
048   $aka01
100 1 $aDukas, Paul,$d1865-1935.
245 13$aLa plainte, au loin, du faune :$bpièce écrite pour le Tombeau de Claude Debussy /$cpar Paul Dukas.
260 0 $aParis :$bDurand,$c[c1921].
300   $aScore (5 p.) ;$c36 cm.
500   $aFor piano.
500   $aPl. no. D. & F. 9951.
500   $aOriginally published as part of Le tombeau de Claude Debussy in La revue musicale, Supplément musicale, December, 1920.
600 10$aDebussy, Claude,$d1862-1918$xSongs and music.
650  0$aPiano music.
700 1 $aDebussy, Claude,$d1862-1918.$tPrélude à l'après-midi d'un faune.
988   $a20020608
906   $0RLIN

