LEADER 00691ncm a2200241   4500
001 002000885-6
005 20020606093309.7
008 900814c19501910fr ovb         n 0      d
028 30$aA.D.&F. 7696$bDurand
035 0 $aocm22457707
035 1 $aMAHSRC18497C
040   $aMH-Mu$cMH-Mu
045 0 $bd1891
048   $aoa
100 1 $aDukas, Paul,$d1865-1935.
245 10$aPolyeucte;$bouverture pour la tragédie de Corneille.
260 0 $aParis,$bA. Durand & fils,$c[1950] c1910.
300   $aMiniature score (47 p.) ;$c22 cm.
500   $aPub. no. A.D.&F. 7696.
650  0$aOvertures$xScores.
700 1 $aCorneille, Pierre,$d1606-1684.$tPolyeucte.
988   $a20020608
906   $0MH

