LEADER 00723ncm a22002651i 4500
001 002000886-4
005 20020606093309.7
008 900810s1906    fr snz         n 1      d
028 20$aD. & F. 5802$bDurand
035 0 $aocm51241387
035 1 $aMAHSRC18498C
035 1 $zMIUG87C973
040   $aOU$cUPB$dUPB$dCU$dMH-Mu
045 2 $bd1899$bd1901
048   $aka01
100 1 $aDukas, Paul,$d1865-1935.
240 10$aSonata,$mpiano,$rE♭ minor
245 00$aSonate en mi bémol mineur :$bpour piano /$cPaul Dukas.
250   $aNouv. ed.
260 0 $aParis :$bDurand,$cc1906.
300   $aScore (55 p.) ;$c36 cm.
500   $aPl. no. D. & F. 5802.
650  0$aSonatas (Piano)
988   $a20020608
906   $0RLIN

