LEADER 00734ccm a22002531a 4500
001 002000887-2
005 20020606093309.7
008 900814q19701979nyusyb         n 1      d
020   $c$7.50
028 30$a1469$bBelwin-Mills Publishing Corp.
035 0 $aocm07487813
035 1 $aMAHSRC18499C
040   $aPU$cPU$dCStRLIN$dMH-Mu
045 2 $bd1895$bd1896
048   $aoa
100 1 $aDukas, Paul,$d1865-1935.
240 10$aSymphony,$rC major
245 00$aSymphony in C major /$cPaul Dukas.
260 0 $aMelville, N.Y. :$bBelwin-Mills Publishing Corp.$c[197-?]
300   $a1 miniature score (215 p.) ;$c18 cm.
500   $a"Kalmus miniature scores, 1469."
650  0$aSymphonies$xScores.
988   $a20020608
906   $0RLIN

