LEADER 00647ncm a2200229 a 4500
001 002000888-0
005 20020606093309.7
008 900814q19001911fr syb         n 1      d
028 22$aR. L. 4707 & Cie.$bRouart, Lerolle
035 0 $aocm22457709
035 1 $aMAHSRC18500C
040   $aMH-Mu$cMH-Mu
045 2 $bd1895$bd1896
048   $aoa
100 1 $aDukas, Paul,$d1865-1935.
240 10$aSymphony,$rC major
245 00$aSymphonie en ut majeur /$cPaul Dukas.
260 0 $aParis :$bRouart, Lerolle,$c[between 1900 and 1911]
300   $a1 miniature score (215 p.) ;$c21 cm.
650  0$aSymphonies$xScores.
988   $a20020608
906   $0MH

