LEADER 00788ncm a22002531a 4500
001 002000889-9
005 20020606093309.7
008 900814q19001909fr syz         n 1       
028 32$aE.B. et cie. 672$bA. Rouart
035 0 $aocm22457710
035 1 $aMAHSRC18501C
040   $aMH-Mu$cMH-Mu
045 2 $bd1895$bd1896
048   $aka02
100 1 $aDukas, Paul,$d1865-1935.
240 10$aSymphony,$rC major;$oarranged
245 00$aSymphonie en ut majeur /$cpar Paul Dukas ; transcription à quatre mains par Alfred Bachelet.
260 0 $aParis :$bA. Rouart,$c[190-?]
300   $a67 p. of music ;$c35 cm.
500   $aArrangement for piano, 4 hands.
650  0$aSymphonies (Piano, 4 hands), Arranged.
700 1 $aBachelet, Alfred,$d1864-1944.
988   $a20020608
906   $0MH

