LEADER 00871ncm a2200289 i 4500
001 002000890-2
005 20080221150017.0
008 900814s1907    fr vrz         n 1      d
028 20$aD. & F. 6087$bA. Durand
035 0 $aocm08369826
035 1 $aMAHSRC18502C
035 1 $zMIUG82C276
040   $aCU$cCU$dMH-Mu
045 2 $bd1899$bd1902
048   $aka01
100 1 $aDukas, Paul,$d1865-1935.
240 10$aVariations, interlude et final sur un thème de Rameau
245 10$aVariations, interlude et finale :$bpour piano : sur un thème de J.-Ph. Rameau /$cpar Paul Dukas.
250   $aNouv. éd.
260 0 $aParis :$bA. Durand,$cc1907.
300   $a27 p. of music ;$c36 cm.
500   $aFor piano.
500   $aPl. no. D. & F. 6087.
650  0$aVariations (Piano)
700 1 $aRameau, Jean-Philippe,$d1683-1764.
988   $a20020608
906   $0RLIN

