LEADER 00860ncm a22002531a 4500
001 002000891-0
005 20020606093309.7
008 900814s1929    fr syc         n 1      d
028 22$aE.M.S. 7933$bSalabert
035 0 $aocm22457711
035 1 $aMAHSRC18503C
035 1 $zNYRS12651100C
040   $aTxHU$cTxHU$d*m/c*$d*RER*$dCStRLIN$dMH-Mu
045 0 $bd1928
048   $aka01$bkb01
100 1 $aDupré, Marcel,$d1886-1971.
240 10$aSymphonies,$morgan, orchestra,$nop. 25,$rG minor;$oarranged
245 00$aSymphonie en sol mineur pour orgue et orchestre, op. 25 /$cpar Marcel Dupré ; réduction pour piano et orgue.
260 0 $aParis :$bSalabert,$cc1929.
300   $a1 score (60 p.) ;$c35 cm.
500   $aOrchestral acc. reduced for piano.
650  0$aSymphonies (Organ with orchestra)$xSolo with piano.
988   $a20020608
906   $0RLIN

