LEADER 00824ncm a22002771  4500
001 002000892-9
005 20020606093309.7
008 900814s1942    fr clz         n 0       
010   $a   51048588 
028 20$aS.B. 5331$bS. Bornemann
035 0 $aocm02177340
035 1 $aMAHSRC18504C
035 1 $zNHDG86C341
040   $aIEN$dCStRLIN$dUPB$dCtY-Mus$dCSt$dMH-Mu
045 0 $bd1943
048   $akb01
050 0 $aM11$b.D
100 1 $aDupré, Marcel,$d1886-1971.
245 13$aLe tombeau de Titelouze;$bseize chorals faciles et de moyenne difficulté pour orgue sur des hymnes liturgiques.
260 0 $aParis,$bS. Bornemann,$cc1942.
300   $aScore (29 p.)$c32 cm.
500   $aPl. no. S.B. 5331.
650  0$aChorale preludes.
700 1 $aTitelouze, Jean,$d1563-1633.
988   $a20020608
906   $0RLIN

