LEADER 00780ncm a22002651  4500
001 002000893-7
005 20020606093309.7
008 900810s1963    nyuzzaa        n 0       
010   $a   63046340 /M
035 0 $aocm03676726
035 1 $aMAHSRC18505C
035 1 $zCUBG86C7090
040   $aCU$cCU$dMH-Mu
045 0 $bd1955
048   $asa01$asc01$akb01
050 00$aM302$b.D86 op.55
100 1 $aDupré, Marcel,$d1886-1971.
240 10$aTrio,$morgan, violin, cello,$nop. 55
245 00$aTrio for violin, violoncello and organ.$b[Op. 55].
260 0 $aNew York,$bThe H. W. Gray Co.$c[c1963]
300   $aScore (36 p.) and 2 parts.$c31 cm.
500   $aCover title.
650  0$aTrios (Organ, violin, violncello)$xScores and parts.
988   $a20020608
906   $0RLIN

