LEADER 00746ncm a22002651a 4500
001 002000894-5
005 20020606093309.7
008 900814s1957    fr suz         n 1       
010   $am  58000153 
028 22$aS.B. 5409$bBornemann
035 0 $aocm02857227
035 1 $aMAHSRC18506C
035 1 $zINIS2857227C
040   $aDLC$cODaWU$d*m/c*$dNRU-Mus$d*IUG*$dCStRLIN$dMH-Mu
045 0 $bd1951
048   $akb01
050 0 $aM9$b.D94 op.51
100 1 $aDupré, Marcel,$d1886-1971.
245 10$aTriptyque :$bpour orgue, op. 51 /$cMarcel Dupré.
260 0 $aParis :$bBornemann,$cc1957.
300   $a28 p. of music ;$c33 cm.
505 0 $aChaconne -- Musette -- Dithyrambe.
650  0$aSuites (Organ)
988   $a20020608
906   $0DLC

