LEADER 00719ncm a22002531a 4500
001 002000895-3
005 20020606093309.7
008 900814s1923    fr vrz         n 1      d
028 22$aA.L.16,626$bA. Leduc
035 0 $aocm52643110
035 1 $aMAHSRC18507C
035 1 $zINIS17708924C
040   $a*YUU*$c*YUU*$d*IUG*$dCStRLIN$dMH-Mu
045 0 $bd1922
048   $akb01
100 1 $aDupré, Marcel,$d1886-1971.
240 10$aVariations sur un noël
245 00$aVariations sur un Noël :$bpour grand orgue, op. 20 /$cMarcel Dupré.
260 0 $aParis :$bA. Leduc,$cc1923.
300   $a25 p. of music ;$c34 cm.
650  0$aVariations (Organ)
650  0$aChristmas music.
988   $a20020608
906   $0RLIN

