LEADER 01023ncm a22002891a 4500
001 002000896-1
005 20020606093309.7
008 900813s1974    nyuvrz   h     n 1       
010   $a   76771247 /M
020   $c$2.50
028 22$aGSTC 982$bH.W. Gray Publications
035 0 $aocm02810015
035 1 $aMAHSRC18508C
035 1 $zCTYS51041C
040   $aCtY-Mus$cCtY-Mus$dMH-Mu
048   $akb01
050 0 $aM9.D94$bV33$aM9.3
100 1 $aDupré, Marcel,$d1886-1971.
245 10$aVariations on Adeste fideles :$ban improvisation for organ /$cMarcel Dupré ; reconstructed and edited by Rollin Smith.
246 3 $aAdeste fideles.
260 0 $aMelville, N.Y. :$bH.W. Gray Publications,$cc1974.
300   $a14 p. of music ;$c31 cm.
500   $a"This improvisation was reconstructed from Skinner Organ Company Pipe Organ roll no. 762 recorded by Marcel Dupré at The Skinner Studio, New York City, in 1929."
650  0$aVariations (Organ)
700 1 $aSmith, Rollin.
988   $a20020608
906   $0RLIN

