LEADER 00794ncm a22002651a 4500
001 002000897-X
005 20020606093309.7
008 900810s1948    nyuzzz         n 1      d
028 20$a14748$bH.W. Gray
035 0 $aocm68195723
035 1 $aMAHSRC18509C
035 1 $zUTBG83C539
040   $aUPB$cUPB$dMH-Mu
045 0 $bd1919
048   $akb01
100 1 $aDupré, Marcel,$d1886-1971.
240 10$aVersets sur les Vêpres de la Sainte Vierge
245 00$aFifteen pieces for organ founded on antiphons (Vêpres du commun), op. 18 /$cby Marcel Dupré.
246 3 $aVêpres du commun.
260 0 $aNew York :$bH.W. Gray, a division of Belwin/Mills,$cc1948.
300   $a50 p. of music ;$c30 cm.
500   $aCover title.
650  0$aOrgan music.
988   $a20020608
906   $0RLIN

