LEADER 00989ncm a22002891i 4500
001 002000898-8
005 20020606093309.7
008 900813s1974    nyuzzzn  i     n 1       
010   $a   76771246 /M
020   $c$2.50
035 0 $aocm02458401
035 1 $aMAHSRC18510C
035 1 $zILNGAAU3291C
040   $cIEN$dIEN$dCStRLIN$dMH-Mu
045   $ax2x2
048   $akb01
050 0 $aM11$b.D
100 1 $aDupré, Marcel,$d1886-1971.
245 10$aZephyrs :$ban improvisation for organ on a theme by Leopold Stokowski /$cMarcel Dupré ; reconstructed and edited by Rollin Smith.
260 0 $aMelville, N.Y. :$bH.W. Gray Publications,$c[c1974]
300   $a15 p. ;$c31 cm.
500   $a"This improvisation was reconstructed from Aeolian Duo-Art Pipe Organ roll no. 3359 recorded by Marcel Dupré at Aeolian Hall, New York City, in 1921."
650  0$aOrgan music.
700 1 $aStokowski, Leopold,$d1882-1977
700 1 $aSmith, Rollin.
988   $a20020608
906   $0RLIN

