LEADER 01079ncm a2200289 a 4500
001 002000899-6
005 20060830094613.0
008 900810s1913    fr opc         n 0  fre d
028 22$aM.E. 425$bM. Eschig
035 0 $aocm22457715
035 1 $aMAHSRC18511C
035 1 $zCUBG85C1703
040   $aCU$cCU$dMH-Mu
045   $ax0x1
100 1 $aDupuis, Albert,$d1877-1967.
240 10$aChâteau de la Bretêche.$sVocal score
245 13$aLe château de la Bretêche :$bdrame lyrique en quatre actes et cinq tableaux /$cd'après la nouvelle de Balzac ; poème de m.m. Paul Milliet & Jacques Dor ; musique de Albert Dupuis ; partition complète pour chant et piano.
260   $aParis :$bM. Eschig,$cc1913.
300   $a1 vocal score (169 p.) ;$c32 cm.
546   $aFrench words.
500   $aCast for 1st performance listed in preliminaries.
650  0$aOperas$vVocal scores with piano.
700 1 $aMilliet, Paul,$d1848-1924.$4lbt
700 1 $aDor, Jacques.$4lbt
700 1 $aBalzac, Honoré de,$d1799-1850.$tGrande Bretèche.
988   $a20020608
906   $0RLIN

