LEADER 01099ncm a2200337 i 4500
001 002000900-3
005 20061208165847.0
008 900813s1977    xxusgan        n 1  eng  
010   $a   77771747 /M
020   $c$6.00
028 20$aSMP 2304-10$bSouthern Music Pub. Co.
035 0 $aocm03477922
035 1 $aMAHSRC18512C
035 1 $zILNGABT1986C
040   $cIEN$dIEN$dMH-Mu
045   $ax2x7
048   $avi01$aka01
050 00$aM1621$b.D$aM1619.5.B737
100 1 $aDuke, John,$d1899-1984.
240 10$aSongs on poems by Emily Bronte
245 00$aSix songs on poems by Emily Bronte :$bfor medium voice and piano /$cJohn Duke.
260 0 $a[s.l.] :$bSouthern Music Pub. Co.,$c1977.
300   $a45 p. ;$c31 cm.
500   $aCover title.
500   $aPl. no. SMP 2304-10.
505 0 $aLove and friendship.--Remembrance.--On the moors.--Worlds of light.--The old stoic.--The messenger.
600 10$aBrontë, Emily,$d1818-1848$xMusical settings.
650  0$aSongs (Medium voice) with piano.
700 1 $aBrontë, Emily,$d1818-1848.
988   $a20020608
906   $0RLIN

