LEADER 01192ncm a22003371i 4500
001 002000901-1
005 20061208165915.0
008 900813s1948    mausga         n 1  eng d
035 0 $aocn156937542
035 1 $aMAHSRC18513C
035 1 $zINIS3878612C
040   $aMsU$cMsU$dOCoLC$d*IUG*$dCStRLIN$dMH-Mu
045   $ax2x4
048   $avi01$aka01
100 1 $aDuke, John,$d1899-1984.
240 10$aXXth century
245 00$aTwo songs /$cJohn Duke.
246 3 $aTwentieth century
260 0 $aSouth Hadley, Mass. :$bMount Holyoke College, Valley Music Press,$c[c1948]
300   $aScore (6 p.) ;$c31 cm.
500   $aWords by Robert Hillyer and A.E. Housman
500   $aReproduced from holograph.
505 0 $a1. XXth century.--2. White in the moon the long road lies.
600 10$aHillyer, Robert,$d1895-1961$xMusical settings.
600 10$aHousman, A. E.$q(Alfred Edward),$d1859-1936$xMusical settings.
650  0$aSongs (Medium voice) with piano.
700 12$aDuke, John,$d1899-1984.$tWhite in the moon the long road lies.
700 1 $aHillyer, Robert,$d1895-1961.
700 1 $aHousman, A. E.$q(Alfred Edward),$d1859-1936.
988   $a20020608
906   $0RLIN

