LEADER 00719ncm a22002531i 4500
001 002000902-X
005 20020606093309.7
008 900810s1939    nyusta         n 1      d
028 20$a141-3$bSprague-Coleman
035 0 $aocm31080025
035 1 $aMAHSRC18514C
035 1 $zCTYS89C8149
040   $aNmU$cNmU$dm.c.$d*RER*$dCStRLIN$dMH-Mu
045 0 $bd1939
048   $awd01$asa01
100 1 $aDuke, Vernon,$d1903-1969.
240 10$aEtude,$mbassoon, violin
245 00$aEtude for violin and bassoon /$cDukelsky.
260 0 $aNew York :$bSprague-Coleman,$c1939.
300   $ascore ([3] p.) ;$c31 cm.
500   $aPl. no. 141-3.
650  0$aBassoon and violin music$xScores.
988   $a20020608
906   $0RLIN

