LEADER 01131ccm a22003131i 4500
001 002000903-8
005 20020606093309.7
008 900810s1976    nyusgan        n 1  eng  
010   $a   78770010 /M
035 0 $aocm03477879
035 1 $aMAHSRC18515C
035 1 $zCTYS89C4763
040   $cIEN$dCStRLIN$dCtY-Mus$dMH-Mu
045   $ax3x3
048   $avh01$aka01
050 0 $aM1621.4$b.D$aM1619.5.K85$aM1619.5.S67
100 1 $aDuke, Vernon,$d1903-1969.
245 13$aAn Italian voyage /$cVernon Duke ; English lyrics by Merrill Sparks after Russian texts of M. Kuzmin.
260 0 $aNew York :$bGeneral Music Pub. Co. :$bexclusive representatives, G. Schirmer,$cc1976.
300   $a14 p. ;$c31 cm.
500   $aSong cycle, for voice and piano.
505 0 $aInvitation.--Morning in Florence.--A trip to Assisi.--The Venice moon.
600 10$aKuzmin, M. A.$q(Mikhail Alekseevich),$d1872-1936.$xMusical settings.
650  0$aSong cycles.
650  0$aSongs (High voice) with piano.
700 1 $aSparks, Merrill.
700 1 $aKuzmin, M. A.$q(Mikhail Alekseevich),$d1872-1936.
988   $a20020608
906   $0RLIN

