LEADER 00960ccm a2200301   4500
001 002000904-6
005 20020606093309.7
008 900813s1944    nyuzza   e     n 0  eng d
028 30$aCM 4740$bC. Fischer
028 20$a29702-12$bC. Fischer
035 0 $aocm22457717
035 1 $aMAHSRC18516C
040   $aMH-Mu$cMH-Mu
041 0 $geng
045 0 $bd1944
048   $bva01$aca08$aka01
100 1 $aDuke, Vernon,$d1903-1969.
245 10$aMoulin-Rouge :$bchorus for mixed voices with soprano solo and piano accompaniment (SSAATTBB) /$cPoem by A. Symons.
260 0 $aNew York :$bC. Fischer,$c1944.
300   $aScore (13 p.)$c26 cm.
500   $aBiographical note on composer on back cover.
500   $aWords in English.
500   $aCaption title.
500   $aPub. no. CM 4720; pl. no. 29702-12.
650  0$aChoruses, Secular (Mixed voices, 8 parts) with piano.
700 1 $aSymons, Arthur,$d1865-1945.
988   $a20020608
906   $0MH

