LEADER 00774ncm a22002771i 4500
001 002000905-4
005 20020606093309.7
008 900813c19611923fr vrz         n 1||     
010   $a   64029962 /M
028 20$aA.L.16626$bA. Leduc
035 0 $aocm00528998
035 1 $aMAHSRC18517C
035 1 $zUTBG83C200
040   $cODaWU$dNhD$dCStRLIN$dUPB$dMH-Mu
045 0 $bd1922
048   $akb01
050 0 $aM9$b.D94 op.20
100 1 $aDupré, Marcel,$d1886-1971.
245 10$aVariations sur un noël :$bpour grand orgue, op. 20 /$cMarcel Dupré.
260 0 $aParis :$bA. Leduc,$c[1961, c1923]
300   $aScore (25 p.) ;$c34 cm.
500   $aPl. no. A.L.16626.
650  0$aVariations (Organ)
650  0$aChristmas music.
988   $a20020608
906   $0RLIN

