LEADER 00738ccm a22002651  4500
001 002000906-2
005 20020606093309.7
008 900810s1907    enkfgz         n 0      d
028 20$a12443$bNovello
035 0 $aocm22457718
035 1 $aMAHSRC18518C
040   $aMH-Mu$cMH-Mu
045 0 $bd1795
048   $akb01
100 1 $aDupuis, Thomas Sanders,$d1733-1796.
240 10$aPieces,$mkeyboard instrument,$nop. 10.$nNo. 1
245 10$aLarghetto, allegretto, and fugue.
260   $aLondon,$bNovello,$cc1907.
300   $a12 p.
490 1 $aOld English organ music, edited by J. E. West,$v29
500   $aPl. no. 12443.
650  0$aOrgan music.
830  0$aOld English organ music ;$v29.
988   $a20020608
906   $0MH

