LEADER 01050ccm a2200277Ia 4500
001 002000907-0
005 20080520120031.0
008 900810s1916    xx opa         n    fre d
035 0 $aocm22457719
040   $aHMU$cHMU$dOCL$dHHG
100 1 $aDupuis, Albert,$d1877-1967.
245 13$aLa Passion :$bdrame lyrique en 4 actes et 10 tableaux /$cpoème de Jules Méry et Paul de Choudens ; musique de Abert Dupuis.
254   $aPartition d'orchestre.
260   $a[S.l. :$bs.n.,$c1916?]
300   $a1 score (345 p.) ;$c35 cm.
546   $aFrench words.
500   $aFirst performed in Monte Carlo, 2 April 1916. Cf. New Grove opera.
600 00$aJesus Christ$xPassion$vDrama.
650  0$aOperas$vScores.
700 1 $aMéry, Jules,$elibrettist.
700 1 $aChoudens, Paul de,$d1850-1925,$elibrettist.
700 1 $aPeyrotte, Bernard,$ecollector.$5the
700 1 $aMartin, Jean-Marie,$d1937-1979,$ecollector.$5the
710 2 $aJohn Milton and Ruth Neils Ward Collection (Harvard Theatre Collection)$5the
988   $a20020608
906   $0MH

