LEADER 00720ccm a22002291  4500
001 002000908-9
005 20020606093309.7
008 900810s1925    fr zzaa        n 0      d
028 20$aE.M.S.6830$bSenart
035 0 $aocm22457720
035 1 $aMAHSRC18520C
040   $a*RER*$c*RER*$dCStRLIN$dMH-Mu
048   $asa01$asb01$asc01$aka01
100 1 $aDupuis, Albert,$d1877-1967.
240 10$aQuartet,$mpiano, violin, viola, cello,$rD minor
245 00$aQuatuor en ré mineur,$b[pour] piano, violon, alto, violoncelle.
260 0 $aParis,$bSenart,$cc1925.
300   $ascore (71 p.) and 3 parts.$c34 cm.
500   $aPl. no. E.M.S.6830.
650  0$aPiano quartets$xScores and parts.
988   $a20020608
906   $0RLIN

