LEADER 00679ncm a22002411  4500
001 002000909-7
005 20020606093309.7
008 900810s1922    fr snaa        n 0      d
028 20$aE.M.S.4952$bSenart
035 0 $aocm12948791
035 1 $aMAHSRC18521C
035 1 $zNYRS12948791C
040   $c*RER*$dCStRLIN$dMH-Mu
048   $asa01$aka01
100 1 $aDupuis, Albert,$d1877-1967.
240 10$aSonata,$mviolin, piano
245 00$aSonate pour violon et piano.
260 0 $aParis,$bSenart,$cc1922.
300   $ascore (31 p.) and part.$c35 cm.
500   $aPl. no. E.M.S.4952.
650  0$aSonatas (Violin and piano)$xScores and parts.
988   $a20020608
906   $0RLIN

