LEADER 00860ncm a2200265   4500
001 002000910-0
005 20020606093309.7
008 900814s1918    fr snaa        n 0      d
028 20$aR.355$bSociété anonyme des Editions Ricordi
035 0 $aocm13468502
035 0 $aocm22457722
035 1 $aMAHSRC18522C
035 1 $zNYRS13468502C
040   $a*RER*$c*RER*$dCStRLIN$dMH-Mu
048   $asa01$aka01
100 2 $aDupuits des Bricettes, Jean-Baptiste.
245 10$aSonate, ré majeur,$carrangée pour violon avec acc. de piano par J. Salmon.
260 0 $aParis,$bSociété anonyme des Editions Ricordi,$cc1918.
300   $ascore (9 p.) and part.$c35 cm.
500   $aCover title.
500   $aPl. no. R.355.
650  0$aSonatas (Violin and piano)$xScores and parts.
700 1 $aSalmon, J.$q(Joseph),$d1864-
988   $a20020608
906   $0RLIN

