LEADER 00533ncm a22002051  4500
001 002000911-9
005 20020606093309.7
008 900810q19001973fr ova         n 0      d
035 0 $aocm22457723
035 1 $aMAHSRC18523C
040   $aMH-Mu$cMH-Mu
048   $aoa
100 1 $aDupuis, Sylvain,$d1856-1931.
245 10$aPour un drame;$bouverture symphonique.
260 0 $aParis,$bBuyst$c[19--]
300   $aScore (40 p.)
440  4$aLes grands concerts symphoniques
650  0$aOvertures$xScores.
988   $a20020608
906   $0MH

