LEADER 01278ccm a22003251i 4500
001 002000912-7
005 20110130205029.0
008 900810s1974    gw zzza  ehi   n 1       
010   $a   75764561 /M
035 0 $aocm02294188
035 1 $aMAHSRC18524C
035 1 $zCUBG87C1900
040   $aDLC$cNmU$dNIC$dCStRLIN$dCU$dMH-Mu
041 0 $egereng
048   $awd01$asa02$asb01$asc01
050 0 $aM562$b.D85 A min.
100 1 $aDupuy, Édouard,$dapproximately 1770-1822.
240 10$aQuintet,$mbassoon, violins, viola, cello,$rA minor
245 00$aQuintett für Fagott, 2 Violinen, Viola und Violoncello =$bQuintet for bassoon, 2 violins, viola, and violoncello /$cEdouard Dupuy ; [hrsg. und bearb. von] Hennige.
250   $aErstdruck.
260 0 $aHamburg :$bMusikverlag H. Sikorski,$c[c1974]
300   $a5 parts ;$c32 cm.
440  0$aLudus instrumentalis ;$v104
500   $a"The third movement (Rondo) was composed by Karl Braun (1788-1835)."
500   $a"The present work ... is taken from a score that was compiled from handwritten parts in the 19th century."
650  0$aQuintets (Bassoon, violins (2), viola, cello)$xParts.
700 1 $aBraun, Carl Anton Philipp,$d1788-1835.
700 1 $aHennige, Albert.
988   $a20020608
906   $0DLC

