LEADER 00917ccm a22002771  4500
001 002000913-5
005 20110130205046.0
008 900810q18501859dk opc         n 1  dan d
028 20$a500$bHorneman & Erslev
035 0 $aocm21821261
035 1 $aMAHSRC18525C
040   $aCU$cCU$dMH-Mu
045 0 $bd1806
100 1 $aDupuy, Édouard,$dapproximately 1770-1822.
240 10$aUngdom og galskab.$sVocal score
245 00$aUngdom og galskab;$bsyngestykke i to acter$caf J. B. E. Dupuy.
260 0 $aKjöbenhavn,$bHorneman & Erslev$c[185-?]
300   $avocal score (167, [4] p.)
500   $aDanish words.
500   $aLibretto by N.T. Brunn, a translation from Bouilly's Une folie.
500   $aPl. no. 500.
650  0$aOperas$xVocal scores with piano.
700 1 $aBruun, N. T.$q(Niels Thoroup),$d1778-1823.
700 1 $aBouilly, Jean Nicolas,$d1763-1842.$tFolie.
988   $a20020608
906   $0RLIN

