LEADER 01040ncm a22003251a 4500
001 002000914-3
005 20110130205054.0
008 900813s1949    dk ova   h     n 1       
010   $a   72253652 /M
028 22$aE.D. 124$bEdition Dania
035 0 $aocm15994242
035 1 $aMAHSRC18526C
035 1 $zINIS15994242C
040   $aDLC$cCLU$dCLU$d*IUG*$dCStRLIN$dMH-Mu
041 0 $gdan
045 0 $bd1806
048   $aoa
050 0 $aM1004.D93$bU6
100 1 $aDupuy, Édouard,$dapproximately 1770-1822.
240 10$aUngdom og galskab.$pOuverture
245 10$aOuverture til syngestykket Ungdom og galskab /$cEdouard Du Puy.
254   $aPartitur.
260 0 $aKøbenhavn :$bEdition Dania,$c1949.
300   $a1 score (44 p.) ;$c31 cm.
490 1 $aSamfundet til udgivelse af dansk musik. [Publikation] ;$v3. ser., nr. 105
500   $aIntroductory notes in Danish.
650  0$aOvertures$xScores.
830  0$aSamfundet til udgivelse af dansk musik (Series) ;$v3. ser., nr. 105.
988   $a20020608
906   $0DLC

