LEADER 01110ccm a22003131a 4500
001 002000915-1
005 20020606093309.7
008 900813s1919    it muzn        n 1      d
028 22$aR.N.M.I.-A.-Q.40-42, 303$bSocietà anonima notari
035 0 $aocm79752776
035 1 $aMAHSRC18527C
040   $aPU$cPU$dCU$dMH-Mu
045   $av1v3
047   $asn$atc
048   $aka01
100 1 $aDurante, Francesco,$d1684-1755.
240 10$aKeyboard music.$kSelections
245 10$aSonate, toccate e divertimenti per pianoforte /$cFrancesco Durante ; a cura di Ildebrando Pizzetti.
260 0 $aMilano :$bSocietà anonima notari,$cc1919.
300   $a4 v. in 1 ;$c24 cm.
490 1 $aI classici della musica italiana ;$vn. 11
500   $aContains six sonatas, each consisting of a study and divertimento, and 4 toccatas.
500   $aA re-issue of Raccolta nazionale delle musiche italiane, 40-42, 303.
650  0$aSonatas (Piano)
650  0$aPiano music.
700 1 $aPizzetti, Ildebrando,$d1880-1968.
830  0$aClassici della musica italiana ;$v11.
988   $a20020608
906   $0RLIN

