LEADER 01104ncm a2200289 a 4500
001 002000916-X
005 20020606093309.7
008 900813s1947    nyunca         n 1      d
028 22$aN 1040$bC. Fischer
028 30$aW 1915$bC. Fischer
035 0 $aocm03228998
035 1 $aMAHSRC18528C
035 1 $zINIS3228998C
040   $aIDeKN$cIDeKN$dm.c.$dMBCM$d*IUG*$dCStRLIN$dMH-Mu
048   $aka01$awa01$awb01$awc01$awd01$aba01
100 1 $aDuke, Vernon,$d1903-1969.
240 10$aNocturnes,$mpiano, wind quintet
245 00$aNocturne for woodwind quintet and piano :$bflute, oboe, clarinet, bassoon, horn, and piano /$cVladimir Dukelsky.
260 0 $aNew York :$bC. Fischer,$cc1947.
300   $a1 score (10 p.) + 6 parts ;$c32 cm.
500   $aCaption title.
500   $aPublisher's no.: W1915.
500   $aAt head of title: Vladimir Dukelsky, Works for wind ensemble with piano.
500   $aParts for piano, flute, oboe, clarinet in B♭, bassoon and horn in F.
650  0$aSextets (Piano, bassoon, clarinet, flute, horn, oboe)$xScores and parts.
988   $a20020608
906   $0RLIN

