LEADER 00671ccm a22002411a 4500
001 002000917-8
005 20020606093309.7
008 900810s1954    nyuzzb         n 1      d
028 22$aN. Y. 1692$bRicordi
035 0 $aocm09911589
035 1 $aMAHSRC18529C
040   $aTxHU$cTxHU$d*IUG*$dCStRLIN$dMH-Mu
045 0 $bd1946
048   $aoa
100 1 $aDuke, Vernon,$d1903-1969.
245 10$aOde to the Milky Way /$cVernon Duke.
260 0 $aNew York :$bRicordi,$cc1954.
300   $a1 miniature score (28 p.) ;$c21 cm.
500   $aFor orchestra.
650  0$aOrchestral music$xScores.
651  0$aMilky Way$xSongs and music.
988   $a20020608
906   $0RLIN

