LEADER 00975ncm a22002771  4500
001 002000918-6
005 20020606093309.7
008 900813s1956    nyusuzn        n 0       
010   $am  59000215 
028 20$aB.B.1012$bBroude Bros.
035 0 $aocm03068936
035 1 $aMAHSRC18530C
035 1 $zCTYS89C7193
040   $aDLC$cInU$dMdBPC$dCStRLIN$dCtY-Mus$dMH-Mu
045 0 $bd1955
050 00$aM24.D88$bP4
100 1 $aDuke, Vernon,$d1903-1969.
245 10$aParisian suite;$bfor piano.
260 0 $aNew York,$bBroude Bros.$c[c1956]
300   $aScore (24 p.)$c31 cm.
500   $aDuration: 12 min., 14 sec.
500   $aPl. no. B.B.1012.
505 0 $aA morning stroll. - An American girl. - Flowers in the Place Madeleine. - A spinster on a bicycle. - Fishermen on the Seine. - My grocer's dog. - Sunday outing. - Café Flore intellectual. - An old boulevardier. - Lovers, lovers everywhere.
650  0$aSuites (Piano)
988   $a20020608
906   $0DLC

