LEADER 00753ncm a22002651  4500
001 002000919-4
005 20020606093309.7
008 900813s1957    nyuzzb         n 0       
010   $am  58000304 
028 20$aN.Y. 1885$bG. Ricordi
035 0 $aocm03139276
035 1 $aMAHSRC18531C
035 1 $zCTYS89C7730
040   $aDLC$cOClU$dFTaSU$dCStRLIN$dCtY-Mus$dMH-Mu
048   $asa02$asb01$asc01
050 00$aM452$b.D85 C
100 1 $aDuke, Vernon,$d1903-1969.
240 10$aQuartet,$mviolins (2), viola, cello,$rC
245 00$aString quartet, C.
260 0 $aNew York,$bG. Ricordi$c[c1957]
300   $aminiature score (47 p.)$c21 cm.
500   $aPl. no. N.Y. 1885.
650  0$aString quartets$xScores.
988   $a20020608
906   $0DLC

