LEADER 01222ncm a22003251i 4500
001 002000920-8
005 20020606093309.7
008 900810s1955    nyumug   i     n 0  hebo 
010   $am  55001742 
028 20$aA. 1. D.$bSacred music press
028 20$aB. 28$bSacred music press
035 0 $aocm80076014
035 1 $aMAHSRC18533C
035 1 $zNYCX85C1554
040   $dNIC$dPU$dMH-Mu
041 0 $aheb$geng
047   $acb$ach
050 0 $aM2186$b.O84 Nr.18
100 1 $aDunajewsky, A.,$d1843-1911.
240 10$aIsraelitische Tempel Compositionen für den Sabbath
245 00$a30 israelitische Tempel Compositionen für den Sabbath :$bcomponirt für Solo und gemischten Chor.
260 0 $aNew York :$bSacred Music Press :$b[sold by Bloch Pub. Co.,$c1955]
300   $aclose score (2 v. in 1) ;$c31 cm.
440  0$aOut of print classics series of synagogue music ;$v18
500   $aCover title.
500   $aPrincipally for solo voices and mixed chorus; Hebrew words (transliterated)
505 0 $a25 israelitische Tempel Compositionen für den Sabbath -- 5 israelitische Tempel Compositionen für den Sabbath.
650  0$aSynagogue music$xSabbath services.
988   $a20020608
906   $0RLIN

