LEADER 00979ncm a22003011  4500
001 002000921-6
005 20020606093309.7
008 900813s1955    rurmcc         n 0  rusrd
010   $am  57002266 
028 20$a724$bMuzykalʹnyĭ fond SSSR
035 0 $aocm22457727
035 1 $aMAHSRC18534C
040   $aDLC$cMH-Mu$dMH-Mu
045   $ax2x5
050 00$aM1503.D915$bZ6 1955
100 1 $aDunaevskiĭ, Isaak Osipovich,$d1900-1955.
240 10$aZolotai︠a︡ dolina.$sVocal score
245 00$aZolotai︠a︡ dolina;$boperetta v 3 deĭstvii︠a︡kh.$cLibretto M. I︠A︡nkovskogo i L. Levina.
246 3 $aGolden valley.
260 0 $aMoskva,$bMuzykalʹnyĭ fond SSSR,$c1955
300   $aScore (231 p.)$c30 cm.
500   $aPl. no. 724.
500   $aTitle in English: THe golden valley.
650  0$aMusicals$xVocal scores with piano.
700 1 $aI͡Ankovskiĭ, M. O.$q(Mark Osipovich),$d1898-1972.
700 1 $aLevin, L.
988   $a20020608
906   $0DLC

