LEADER 00921ccm a22003011  4500
001 002000922-4
005 20020606093309.7
008 900813s1950    rurzza         n 0  rusr 
010   $am  57000510 
028 20$aM.20039 G.$bGos. muzykalʹnoe izd-vo
035 0 $aocm22457728
035 1 $aMAHSRC18535C
040   $aMH-Mu$cMH-Mu
045   $ax2x5
048   $avn01$aka01
048   $acn$aka01
050 00$aM1756.D85$bP4
100 1 $aDunaevskiĭ, Isaak Osipovich,$d1900-1955.
240 10$aVocal music.$kSelections
245 10$aPesni na stikhi sovetskikh poėtov,$bsolʹnye i khorovye s soprovozhdeniem fortepiano.
260 0 $aMoskva,$bGos. muszykalʹnoe izd-vo,$c1950.
300   $ascore (149 p.)$bport.$c30 cm.
500   $aSongs and choruses with piano acc.
500   $aPl. no. M.20039 G.
650  0$aSongs with piano.
650  0$aChoruses, Secular, with piano.
988   $a20020608
906   $0MH

