LEADER 01193ccm a22003011i 4500
001 002000923-2
005 20020606093309.7
008 900813s1975    rurzza         n 1  rus d
028 20$a8777$bIzd. Muzyka
035 0 $aocm22457729
035 1 $aMAHSRC18536C
040   $aMH-Mu$cMH-Mu
045   $ax2x5
048   $acn
048   $acn$aka01
100 1 $aDunaevskiĭ, Isaak Osipovich,$d1900-1955.
240 10$aVocal music.$kSelections
245 10$aIzbrannye khorovye proizvedenii︠a︡ :$bbez soprovozhdenii︠a︡ i v soprovozhdeniĭ fortepiano /$cI. Dunaevskiĭ ; sost. B. Dunaevskiĭ.
260 0 $aMoskva :$bIzd. Muzyka,$c1975.
300   $aScore (61 p.) ;$c29 cm.
490 0 $aKhorovye proizvedenii︠a︡
500   $aPl. no. 8777.
505 0 $aPesnia o krasnoi ploshchadi.--My svoim trudom bogaty.--Letite, golubi, iz kinofilʹma My za mir.--Moskvichi.--Po reke, reke Kubani, iz kinofilʹma Kubanskie kazaki.--Turist︠s︡kai︠a︡ pesnia.--Skrylisʹ machty stroinye.--U zelenogo kustochka.--Oi u poli.
650  0$aChoruses, Secular, with piano.
650  0$aChoruses, Secular, Unaccompanied.
700 1 $aDunaevskiĭ, B.$q(Boris)
988   $a20020608
906   $0MH

