LEADER 00910ccm a2200289 i 4500
001 002000924-0
005 20020606093309.7
008 900810s1955    ruropa         n 1  rus  
010   $am  58000020 
028 20$a969$bMuzykalʹnyĭ fond SSSR
035 0 $aocm22457730
035 1 $aMAHSRC18537C
040   $aMH-Mu$cMH-Mu
050 00$aM1503.D915$bV6 1955
100 1 $aDunaevskiĭ, Isaak Osipovich,$d1900-1955.
240 10$aVolʹnyĭ veter.$sVocal score
245 10$aVolʹnyĭ veter :$boperetta v 4 deĭstvii︠a︡kh, 5 kartinakh /$clibretto V. Vinnikova, V. Krakhta i V. Tipota.
246 3 $aFree wind.
260 0 $aMoskva :$bMuzykalʹnyĭ fond SSSR,$c1955.
300   $aScore (232 p.) ;$c30 cm.
500   $aTitle in English: Free wind.
650  0$aMusicals$xVocal scores with piano.
700 1 $aVinnikov, V.
700 1 $aKrakht, V.
700 1 $aTipot, V.
988   $a20020608
906   $0MH

