LEADER 01285ncm a22003371  4500
001 002000925-9
005 20020606093309.7
008 900816s1968    it coa   hi    n 0       
010   $a   71229207 /M
028 20$a131317$bRicordi
035 0 $aocm01041232
035 1 $aMAHSRC18538C
035 1 $zCASX89C7221
040   $aDLC$cPPT$dm.c.$d*m/c*$dOCoLC$d*RER*$dCStRLIN$dMH-Mu
041 0 $gitafreengger
048   $bkn01$aoc
050 0 $aM1105.D92$bH4
100 1 $aDurante, Francesco,$d1684-1755.
240 10$aConcertos,$mharpsichord, string orchestra,$rB♭ major
245 00$aConcerto in si bemolle, per clavicembalo e archi.$cRev. e realizzazione del basso continuo di Francesco Degrada.
260 0 $aMilano,$aNew York,$bRicordi$c[c1968]
300   $a[7] p., score (27 p.)$c27 cm.
440  0$aAntica musica strumentale italiana
500   $aPref. in Italian, French, English, and German.
500   $a"The present edition is based on the manuscript copy of the Library of the Conservatoire S. Pietro a Majella of Naples. The manuscript's number is MS. 1886".
500   $aDuration: 10 min.
500   $aPl. no. 131317.
650  0$aConcertos (Harpsichord with string orchestra)$xScores.
700 1 $aDegrada, Francesco.
988   $a20020608
906   $0DLC

