LEADER 00754ncm a22002531  4500
001 002000926-7
005 20020606093309.7
008 900816q18401849gw zza         n 0  ita d
028 20$a7167--7169$bBreitkopf & Härtel
035 0 $aocm22457731
035 1 $aMAHSRC18539C
040   $aMH-Mu$cMH-Mu
041 1 $aitager$hita
048   $avn02$aka01
100 1 $aDurante, Francesco,$d1684-1755.
240 10$aDuetti da camera.$lGerman & Italian
245 00$aXII duetti da camera con accompagnamento di pianoforte.$bParole italiane e tedeschi.
250   $aNuova ed.
260 0 $aLipsia,$bBreitkopf & Härtel$c[184-]
300   $aScore (3 v. in 2)
500   $aPl. no. 7167-7169.
650  0$aVocal duets with piano.
988   $a20020608
906   $0MH

