LEADER 00996ncm a22003011a 4500
001 002000927-5
005 20020606093309.7
008 900816s1978    it zza         n 1  ita d
028 22$aD. 308 - A.$bA. Drago
035 0 $aocm07311571
035 1 $aMAHSRC18540C
035 1 $zCTYS36989C
040   $aPU$cPU$dCStRLIN$dCtY-Mus$dNN$dMH-Mu
045   $av0v5
048   $aoc$bva01$bvc01
100 1 $aDurante, Francesco,$d1684-1755.
240 10$aDuetti da camera.$pDormono l'aure estive;$oarranged
245 10$aDormono l'aure estive :$bper soprano, contralto e orchestra d'archi /$cFrancesco Durante ; edizione a cura di Alberto Soresina.
254   $aPartitura.
260 0 $aPadova :$bA. Drago,$cc1978.
300   $a1 score (11 p.) ;$c33 cm.
500   $aOriginally for 2 voices and continuo.
500   $aCover title.
500   $aDuration: 6:00.
650  0$aVocal duets with string orchestra, Arranged$xScores.
700 1 $aSoresina, Alberto.
988   $a20020608
906   $0RLIN

