LEADER 01071ccm a2200289 a 4500
001 002000928-3
005 20020606093309.7
008 900814s1963    cauzzc         n 1  lat d
028 22$aM 102-40$bWalton Music
035 0 $aocm01188056
035 1 $aMAHSRC18541C
035 1 $zCASX90C2416
040   $aCU-SB$cCU-SB$dMH-Mu
041 1 $aenglat$hlat
100 1 $aDurante, Francesco,$d1684-1755.
240 10$aMagnificats,$mmixed voices, string orchestra,$rB♭ major.$sVocal score.$lEnglish & Latin
245 04$aThe Magnificat :$bfor solo voices, mixed chorus, and orchestra /$cGiovanni Battista Pergolesi ; edited by V. Stroh & B. Red.
260 0 $aNorth Hollywood, CA :$bWalton Music,$cc1963.
300   $a1 vocal score (42 p.) ;$c28 cm.
500   $aWords in Latin and English.
650  0$aChoruses, Sacred (Mixed voices) with string orchestra$xVocal scores with piano.
650  0$aMagnificat (Music)
700 1 $aPergolesi, Giovanni Battista,$d1710-1736.
700 1 $aRed, Buryl,$d1936-
700 1 $aStroh, Virginia.
988   $a20020608
906   $0RLIN

