LEADER 01215ncm a2200313 a 4500
001 002000929-1
005 20020606093309.7
008 900815s1983    nyuzzc         n 1  lat d
028 32$aAE 465$bArista Music Co.
035 0 $aocn229790990
035 1 $aMAHSRC18542C
035 1 $zNYCX84C153
040   $aNN$cNN$dNIC$dMH-Mu
048   $bva01$bvc01$bvd01$bvf01$aca04$aka01
100 1 $aDurante, Francesco,$d1684-1755.
240 10$aMagnificats,$mmixed voices, string orchestra,$rB♭ major.$sVocal score
245 00$aMagnificat :$bfor soli and mixed chorus with piano acc. /$cFranceso Durante ; piano reduction by Corodon Fuller.
260 0 $aBrooklyn, N.Y. :$bArista Music Co.,$cc1983.
300   $a1 vocal score (27 p.) ;$c25 cm.
500   $aFor solo voices (SATB), chorus (SATB), and piano ; acc. originally for string orchestra.
500   $aLatin words.
500   $aCaption title.
500   $aFormerly attributed to Pergolesi. Cf. New Grove.
650  0$aChoruses, Sacred (Mixed voices) with string orchestra$xVocal scores with piano.
650  0$aMagnificat (Music)
700 1 $aFuller, Corodon.
700 1 $aPergolesi, Giovanni Battista,$d1710-1736.
988   $a20020608
906   $0RLIN

