LEADER 00930ccm a2200277   4500
001 002000930-5
005 20020606093309.7
008 900814s1866    gw zza         n 0  lat d
028 20$a63$bKarmrodt
035 0 $aocm22457734
035 1 $aMAHSRC18543C
040   $aMH-Mu$cMH-Mu
048   $aca04$aoa
100 1 $aDurante, Francesco,$d1684-1755.
240 10$aMagnificats,$mmixed voices, string orchestra,$rB♭ major
245 00$aMagnificat für vier Singstimmen.$cIn erweiterter Instrumentation und mit Clavierauszug versehen von R. Franz.
260 0 $aHalle,$bKarmrodt$c[1866]
300   $aScore (52 p.)$c34 cm.
500   $aFormerly attributed to Pergolesi.
500   $aPl. no. 63.
650  0$aChoruses, Sacred (Mixed voices) with orchestra$xScores.
650  0$aMagnificat (Music)
700 1 $aFranz, Robert,$d1815-1892.
700 1 $aPergolesi, Giovanni Battista,$d1710-1736.
988   $a20020608
906   $0MH

