LEADER 00914ncm a22002891  4500
001 002000931-3
005 20150423103243.0
008 900816s1948    it zza         n 0       
010   $a   48026652 /r56
028 20$a20534--20541$bCarisch
035 0 $aocm16415997
035 1 $aMAHSRC18544C
035 1 $zNYRS16415997C
040   $aMWelC$cMWelC$d*RER*$dCStRLIN$dMH-Mu
048   $aoc
050 0 $aM1160.D85$bQ35
100 1 $aDurante, Francesco,$d1684-1755.
240 10$aQuartets,$mviolins (2), viola, continuo;$oarranged
245 00$aOtto concerti per orchestra d'archi.$c[Trascrizione e interpretazione di Adriano Lualdi]
260 0 $aMilano,$bCarisch,$c1948.
300   $ascore (8 v.)$c31 cm.
440  3$aLa Scuola napoletana
500   $aFor string orchestra.
650  0$aString orchestra music, Arranged$xScores.
700 1 $aLualdi, Adriano,$d1885-1971.
988   $a20020608
906   $0RLIN

