LEADER 01142ncm a22003491  4500
001 002000933-X
005 20150423103235.0
008 900816s1970    fr coa   eh    n 0      d
010   $a   78285499 /M
028 20$aH.32106$bHeugel
035 0 $aocm00318632
035 1 $aMAHSRC18546C
035 1 $zNYUG86C3353
040   $aDLC$cNhD$dOClU$dm.c.$d*m/c*$dOCoLC$d*IUG*$d*RER*$dCStRLIN$dMH-Mu
041 0 $gfreengger
048   $aoc
050 0 $aM1142.D86$bQ42
100 1 $aDurante, Francesco,$d1684-1755.
240 10$aQuartets,$mviolins (2), viola, continuo;$oarranged
245 00$aConcertos pour orchestre à cordes.$cEdition et réalisation de Roger Blanchard.
260 0 $aParis,$bHeugel$c[c1970]
300   $aviii p., score (158 p.)$c31 cm.
490 1 $aLe Pupitre,$v26
500   $aArr. for string orchestra.
500   $aUnfigured bass realized for keyboard instrument.
500   $aPreface in French, English, and German.
500   $aPl. no. H.32106.
650  0$aConcertos (String orchestra)$xScores.
700 1 $aBlanchard, Roger,$d1919-
830  0$aPupitre ;$vL.P. 26.
988   $a20020608
906   $0DLC

