LEADER 00930ncm a2200253 i 4500
001 002000934-8
005 20050415153730.0
008 900814s1974    gw moa         n 1  lat d
035 0 $aocm22457736
035 1 $aMAHSRC18547C
040   $aMH-Mu$cMH-Mu
048   $aca08
100 1 $aDurante, Francesco,$d1684-1755.
240 10$aMisericordias Domini,$rC minor
245 00$aMisericordias Domini :$bzwei Motetten für achtstimmigen Doppelchor /$cFrancesco Durante ; hrsg. von Georg Goebel.
260 0 $aNeuhausen-Stuttgart :$bHänssler-Verlag ;$aNew York :$bsole agents for USA, C.F. Peters Corp.,$c[c1974]
300   $aScore (16 p.) ;$c30 cm.
440  0$aMotette (Stuttgart, Germany) ;$v507
650  0$aMotets.
650  0$aChoruses, Sacred (Mixed voices, 8 parts), Unaccompanied.
700 1 $aGoebel, Georg.
700 12$aDurante, Francesco,$d1684-1755.$tMisericordias Domini,$rG major.
988   $a20020608
906   $0MH

