LEADER 01215ccm a22003251  4500
001 002000935-6
005 20150423103044.0
008 900816s1966    gw coa   hi    n 0      d
028 30$a5315--5317$bSchott
035 0 $aocm22457737
035 1 $aMAHSRC18548C
040   $a*RER*$c*RER*$dCStRLIN$dMH-Mu
041 0 $gengfreger
048   $aoc
100 1 $aDurante, Francesco,$d1684-1755.
240 10$aQuartets,$mviolins (2), viola, continuo.$kSelections;$oarranged
245 00$aConcerti per due violini, viola e basso.$cHrsg. von Erich Doflein.
260 0 $aMainz,$bSchott$c[c1966]
300   $ascore (3 v.) & 5 parts.$c31 cm.
440  0$aConcertino
500   $aFor string orchestra and continuo; originally for 2 violins, viola and continuo.
500   $aUnfigured bass realized for keyboard instrument.
500   $aEdition Schott, 5315-5317.
500   $aEditor's preface, in German, French and English, p. [2-3].
500   $a2 copies of violoncello/contrabasso part provided.
505 0 $aConcerto I f-moll. - Concerto II g-moll. - Concerto IV e-moll.
650  0$aConcertos (String orchestra), Arranged$xScores.
700 1 $aDoflein, Erich,$d1900-
988   $a20020608
906   $0RLIN

