LEADER 00949ncm a22003131a 4500
001 002000936-4
005 20020606093309.7
008 900816s1983    it snzn        n 1       
010   $a   85750422 /M
028 22$aB.S. 1104$bBoccaccini & Spada
035 0 $aocm11052763
035 1 $aMAHSRC18549C
035 1 $zDCLC85750422C
040   $dCStRLIN$dMH-Mu
045 0 $bd1747
048   $akc01
050 0 $aM23.D951$bQ4 1983
100 1 $aDurante, Francesco,$d1684-1755.
245 13$aLe quattro stagioni dell'anno :$bsonata per cembalo /$cFrancesco Durante ; a cura di Alberto Iesuè.
246 3 $a4 stagioni dell'anno.
250   $a1a ed.
260 0 $aRoma :$bBoccaccini & Spada,$cc1983.
300   $a9 p. of music ;$c32 cm.
500   $aPrepared from ms. in Biblioteca Nacional in Lisbon.
650  0$aSonatas (Harpsichord)
650  0$aSeasons$xSongs and music.
700 1 $aIesuè, Alberto.
988   $a20020608
906   $0RLIN

