LEADER 00979ccm a22003011a 4500
001 002000937-2
005 20020606093309.7
008 900816s1978    it snz   bei   n 1      d
028 22$a132498$bRicordi
035 0 $aocm06573412
035 1 $aMAHSRC18550C
035 1 $zNJPG86C1278
040   $aPU$cPU$dCStRLIN$dCtY-Mus$dNjP$dMH-Mu
041 0 $genggerita
045   $av3v3
048   $akc01
100 1 $aDurante, Francesco,$d1684-1755.
240 10$aSonatas,$mharpsichord.$kSelections
245 00$aSonate per cembalo :$bdivise in studii e divertimenti /$cFrancesco Durante ; a cura di Francesco Degrada.
260 0 $aMilano :$bRicordi,$cc1978.
300   $aix, 38 p. of music ;$c32 cm.
440  0$aMaestri italiani della tastiera
500   $aPref. and critical commentary in Italian, English, and German.
504   $aIncludes bibliographical references.
650  0$aSonatas (Harpsichord)
700 1 $aDegrada, Francesco.
988   $a20020608
906   $0RLIN

