LEADER 01203ccm a22003371i 4500
001 002000938-0
005 20020606093309.7
008 900816s1949    gw snz         n 0       
010   $am  53000114 
028 30$a340$bBärenreiter-Verlag
035 0 $aocm01972233
035 1 $aMAHSRC18551C
040   $aCU$cCU$dMH-Mu
045   $au8v3
048   $akc01
050 0 $aM23.D951$bP3
100 1 $aDurante, Francesco,$d1684-1755.
240 10$aSonatas,$mharpsichord.$kSelections
245 00$aSei studii e sei divertimenti per cembalo /$chrsg. von Bernhard Paumgartner.
246 3 $aStudii e divertimenti.
246 3 $aSonate e divertimenti.
260 0 $aKassel :$bBärenreiter-Verlag,$c[1949].
300   $a36 p.$c30 cm.
490 0 $aBärenreiter-Ausgabe ;$v340
500   $aAlso known by title: Sonate e divertimenti.
500   $a"Der Neuausgabe ... lag eine im Archiv des Conservatorio L. Cherubini, Florenz, unter sign: B3073 aufbewahrte, ziemlich sorgfältige Handschrift zugrunde."
500   $aSix sonatas, each consisting of a study and a divertimento.
650  0$aSonatas (Harpsichord)
700 1 $aPaumgartner, Bernhard,$d1887-1971.
988   $a20020608
906   $0RLIN

