LEADER 00960ncm a2200301 i 4500
001 002000939-9
005 20020606093309.7
008 900815c19781949gw snzn  eh    n 1      d
028 30$a241$bNagels Verlag
035 0 $aocm03864293
035 1 $aMAHSRC18552C
035 1 $zUTBG85C955
040   $aIaCfT$cIaCfT$dNIC$dCStRLIN$dMH-Mu
041 0 $ggereng
048   $akc01
082   $a786.41
100 1 $aDurante, Francesco,$d1684-1755.
240 10$aSonatas,$mharpsichord
245 00$aSei sonate :$bStudii e divertimenti, per cembalo /$cFrancesco Durante ; hrsg. von Bernhard Paumgartner.
260 0 $aKassel :$bNagels Verlag,$c1978, c1949.
300   $a36 p. ;$c30 cm.
440  0$aNagels Musik-Archiv ;$v241
500   $aSix sonatas, each consisting of a study and a divertimento.
500   $aPref. in German and English.
650  0$aSonatas (Harpsichord)
700 1 $aPaumgartner, Bernhard,$d1887-1971.
988   $a20020608
906   $0RLIN

