LEADER 00705ncm a22002411i 4500
001 002000940-2
005 20020606093309.7
008 900816s1980    it vrz         n 1      d
028 20$aE.10326 C$bCurci
035 0 $aocm22457738
035 1 $aMAHSRC18553C
040   $aMH-Mu$cMH-Mu
048   $akn01
100 1 $aDurante, Francesco,$d1684-1755.
240 10$aPartite,$mkeyboard,$rD major
245 00$aPartite :$b[per il cembalo] /$cFrancesco Durante ; revisione pianistica di Carla Giudici.
260 0 $aMilano :$bCurci,$c[c1980]
300   $a11 p. ;$c32 cm.
500   $aPl. no. E.10326 C.
650  0$aVariations (Keyboard instrument)
700 1 $aGiudici, Carla.
988   $a20020608
906   $0MH

