LEADER 00873ncm a22002531  4500
001 002000941-0
005 20020606093309.7
008 900816q18001899gw snz         n 0      d
028 20$aC.S.163$bSimon
035 0 $aocm22457739
035 1 $aMAHSRC18554C
040   $aMH-Mu$cMH-Mu
048   $akn01
100 1 $aDurante, Francesco,$d1684-1755.
240 10$aSonatas,$mkeyboard instrument,$rC minor
245 00$aSonata inedita (Adagio e giga)$bin do minore, per piano.$cFür den Concertvortrag bearb. und hrsg. von Otto Neitzel.
260 0 $aBerlin,$bSimon$c[18--]
300   $aScore (7 p.)
500   $a"Aufgenommen in die Sammlung, Meisterstücke aus Werken klassischer Komponisten, von Edwin Schultz, op. 58, Nr. 20"
500   $aPl. no. C.S.163.
650  0$aSonatas (Keyboard instrument)
700 1 $aNeitzel, Otto,$d1852-1920.
988   $a20020608
906   $0MH

