LEADER 00527ccm a22002051  4500
001 002000942-9
005 20020606093309.7
008 900814s1880    maustz         n 0      d
035 0 $aocm22457740
035 1 $aMAHSRC18555C
040   $aMH-Mu$cMH-Mu
045   $aw7w8
048   $akb01
100 1 $aDunham, Henry M.$q(Henry Morton),$d1853-1929.
245 10$aMelodious studies$bfor the organ. Op. 9.
260 0 $aBoston,$bE. Tourjee,$cc1880.
300   $ascore (31 p.)
650  0$aOrgan music.
988   $a20020608
906   $0MH

