LEADER 00583ncm a22002171  4500
001 002000943-7
005 20020606093309.7
008 900816s1882    mausnz         n 0      d
035 0 $aocm82445324
035 1 $aMAHSRC18556C
040   $aMH-Mu$cMH-Mu
045   $aw7w8
048   $akb01
100 1 $aDunham, Henry M.$q(Henry Morton),$d1853-1929.
240 10$aSonatas,$morgan,$nno. 1, op. 10
245 00$aFirst sonata$bin G minor for the organ. [Op. 10]
260 0 $aBoston,$bSchmidt,$cc1882.
300   $aScore (23 p.)
650  0$aSonatas (Organ)
988   $a20020608
906   $0MH

