LEADER 00657ncm a22002411  4500
001 002000944-5
005 20020606093309.7
008 900816s1891    mausna         n 0      d
028 20$aA.P.S. 2750$bSchmidt
035 0 $aocm22457742
035 1 $aMAHSRC18557C
040   $aMH-Mu$cMH-Mu
045   $aw8w9
048   $akb01
100 1 $aDunham, Henry M.$q(Henry Morton),$d1853-1929.
240 10$aSonatas,$morgan,$nno. 2, op. 16
245 00$aSecond sonata$bin F minor for the organ. Op. 16.
260 0 $aBoston,$bSchmidt$c[c1891]
300   $aScore (19 p.)
500   $aPl. no. A.P.S. 2750.
650  0$aSonatas (Organ)
988   $a20020608
906   $0MH

