LEADER 00945ncm a22002651i 4500
001 002000945-3
005 20020606093309.7
008 900816s1959    xx suaa        n 1      d
028 20$aB.W.I. 193$bBoosey & Hawkes
028 20$aB. & H. 8581$bBoosey & Hawkes
035 0 $aocm22457743
035 1 $aMAHSRC18558C
040   $aMH-Mu$cMH-Mu
048   $awd01$aka01
100 1 $aDunhill, Thomas F.$q(Thomas Frederick),$d1877-1946.
245 10$aLyric suite :$bin five movements, op. 96 : for bassoon and piano /$cThomas F. Dunhill.
260 0 $a[S.l.] :$bBoosey & Hawkes,$c[1959]
300   $ascore (16 p.) and part ;$c31 cm.
500   $a"U.S. ed."
500   $aDuration: 11 min., 30 sec.
500   $aPl. no. B.W.I. 193, B. & H. 8581.
505 0 $aAllegretto amabile.--Scherzino.--Nocturne.--Intermezzo alla gavotta.--Vivace, capriccioso assai.
650  0$aSuites (Bassoon and piano)$xScores and parts.
988   $a20020608
906   $0MH

