LEADER 01700ncm a2200397 a 4500
001 002000946-1
005 20080509113117.0
008 901218s1766    fr opa         n    fre d
035 0 $aocm44823147
040   $aEQO$cEQO
100 1 $aDuni, Egidio,$d1708-1775.
240 10$aClochette
245 13$aLa clochette :$bcomédie en un acte en vers /$cpar Mr. Anseaume ; mis en musique de Mr. Duny ...
260   $aA Paris :$bChez l'auteur Fauxbourg [sic] Saint Lasare au no. 30, et aux adresses ordinaires de musique ;$aA Lyon :$bChez le Sieur Castaud place de la Comédie,$c[1766?]
300   $a1 score ([4], 95, [1] p. (last p. blank)) ;$c34 cm.
500   $aFull score.
546   $aFrench words; includes dialog.
500   $a"Représentée pour la premiere fois par les Comediens Italiens Ordinaires du Roy, le Jeudi 24 Juillet 1766."
500   $a"Prix 12th."
500   $a"Imprimée par le Sr. Monthulay."
500   $a"Avec Privilege du Roy."
500   $a"Catalogue des ouvrages de Mr. Duny": p. [3] (1st count).
500   $a"Privillége géneralle": p. [4] (1st count).
500   $aEngraved throughout: "Gravée par le Sr. Hue."
510 4 $aRISM A/I,$cD 3725
650  0$aOperas$y18th century$vScores.
700 1 $aAnseaume,$cM.$q(Louis),$d1721-1784,$elibrettist.
700 1 $aCastaud, Jean-Antoine,$d1715-$ebookseller.
700 1 $aHue, Louis-Hector,$dactive 1715-1768,$eengraver.
700 1 $aMontulay,$cM.,$eprinter.
710 2 $aComédie-Italienne (Paris, France)
710 2 $aJohn Milton and Ruth Neils Ward Collection (Harvard Theatre Collection)$5the
752   $aFrance$dParis.
752   $aFrance$dLyon.
988   $a20020608
906   $0OCLC

