LEADER 00956ncm a22003251  4500
001 002000947-X
005 20070110170211.0
008 900816s1921    enksga         n 0  fre d
028 20$aJ.& W.C.3854$bChester
035 0 $aocm02928965
035 1 $aMAHSRC18560C
035 1 $zCUBS86C3578
040   $aCU$cCU$dMH-Mu
045   $ax0x2
048   $avi01$aka01
100 1 $aDurey, Louis,$d1888-1979.
240 10$aBestiaire
245 03$aLe bestiaire, ou, Cortège d'Orphée.$cPoèmes de Guillaume Apollinaire.
246 3 $aCortège d'Orphée
260 0 $aLondon,$bChester,$cc1921.
300   $aScore (37 p.)$c33 cm.
500   $aFor voice and piano.
500   $aFrench words.
500   $aPl. no. J.& W.C.3854.
600 10$aApollinaire, Guillaume,$d1880-1918$vMusical settings.
650  0$aSongs (Medium voice) with piano.
650  0$aSong cycles.
700 1 $aApollinaire, Guillaume,$d1880-1918.
988   $a20020608
906   $0RLIN

