LEADER 00754ncm a22002531a 4500
001 002000948-8
005 20070110170149.0
008 900816s1974    fr zzzn        n 1      d
028 20$aE.F.M. 1720$bEditions Françaises de Musique, Technisonar
035 0 $aocm22457745
035 1 $aMAHSRC18561C
035 1 $zNYPG83C4859
040   $aNN$cNN$dMH-Mu
045   $ax0x7
048   $aka01
100 1 $aDurey, Louis,$d1888-1979.
245 10$a"De l'automne 53" :$bsix pièces pour piano /$cLouis Durey.
260 0 $aParis :$bEditions Françaises de Musique, Technisonar,$cc1974.
300   $a19 p. of music ;$c30 cm.
500   $a"Opus 75."--In caption.
500   $aPl. no.: E.F.M. 1720.
650  0$aPiano music.
988   $a20020608
906   $0RLIN

