LEADER 00724ncm a22002531  4500
001 002000949-6
005 20070110170134.0
008 900814s1973    fr zza         n 0 |     
010   $a   74214932 /M
035 0 $aocm01209859
035 1 $aMAHSRC18562C
035 1 $zNYCX1209859C
040   $aCornell Univ Lib$dCStRLIN$dMH-Mu
048   $asa01$asc01
050 0 $aM287$b.D
100 1 $aDurey, Louis,$d1888-1979.
240 10$aDuets,$mviolin, cello,$nop. 35a
245 00$aCinq duos pour violon et violoncelle,$bop. 35A.
260 0 $a[Paris]$bE. F. M. Technisonor$c[1973]
300   $ascore (11 p.)$c36 cm.
500   $aDuration: 12 min.
650  0$aViolin and cello music$vScores.
988   $a20020608
906   $0RLIN

