LEADER 00717ncm a22002531  4500
001 002000950-X
005 20070110170121.0
008 900814s1973    fr zza         n 0 |     
010   $a   74214931 /M
035 0 $aocm01209847
035 1 $aMAHSRC18563C
035 1 $zNYCX1209847C
040   $aCornell Univ Lib$dCStRLIN$dMH-Mu
048   $asa01$asb01
050 0 $aM287$b.D
100 1 $aDurey, Louis,$d1888-1979.
240 10$aDuets,$mviolin, viola,$nop. 35b
245 00$aCinq duos pour violon et alto,$bop. 35B.
260 0 $a[Paris]$bE. F. M. Technisonor$c[1973]
300   $ascore (11 p.)$c36 cm.
500   $aDuration: 11 min.
650  0$aViolin and viola music$vScores.
988   $a20020608
906   $0RLIN

