LEADER 00672ncm a22002171a 4500
001 002000951-8
005 20070110170108.0
008 900815s1974    fr zzzn        n 1|     d
028 22$aE.F.M. 1761$bÉditions Françaises de Musique, Technisonor
035 0 $aocm22457746
035 1 $aMAHSRC18564C
035 1 $zILNGADF1198C
040   $aIEN$dCStRLIN$dMH-Mu
100 1 $aDurey, Louis,$d1888-1979.
240 10$aEtudes,$mpiano,$nop. 26
245 00$aDeux études pour piano, [opus 26] /$cLouis Durey.
260 0 $aParis :$bEditions Françaises de Musique, Technisonor,$c1974.
300   $a23 p. of music ;$c31 cm.
650  0$aPiano music.
988   $a20020608
906   $0RLIN

