LEADER 00826ncm a2200241   4500
001 002000952-6
005 20070110170056.0
008 900815s1922    enksgc         n 0  fre d
028 20$aJ.& W.C.3866$bChester
035 0 $aocm22457748
035 1 $aMAHSRC18565C
040   $aMH-Mu$cMH-Mu
045 0 $bd1918
048   $avi01$aka01
100 1 $aDurey, Louis,$d1888-1979.
240 10$aImages à Crusoe.$sVocal score
245 00$aImages à Crusoe,$bpour voix moyenne avec acc. de quatuor à cordes, flute, clarinette et celesta (ou harpe). Op. 11.$cRéduction pour chant et piano par l'auteur.
260 0 $aLondon,$bChester,$cc1922.
300   $aScore (50 p.)$c30 cm.
500   $aPl. no. J.& W.C.3866.
650  0$aSongs (Medium voice) with instrumental ensemble$vVocal scores with piano.
988   $a20020608
906   $0MH

