LEADER 00904ncm a22002891i 4500
001 002000953-4
005 20070110170041.0
008 900815s1972    fr opc  bd     n 1  fre  
010   $a   76771579 /M
035 0 $aocm03502797
035 1 $aMAHSRC18566C
035 1 $zILNGABW9179C
040   $aDLC$cNIC$dCStRLIN$dMH-Mu
045   $ax1x7
050 0 $aM1503.D96$bO2 1972$aML96.5.D86
100 1 $aDurey, Louis,$d1888-1979.
240 10$aOccasion.$sVocal score
245 02$aL'occasion /$ccomédie de Prosper Mérimée ; [adaptation et musique de] Louis Durey.
260 0 $a[Paris] :$bE.F.M. technisonor,$c[c1972]
300   $a95 p. ;$c37 cm.
500   $aReproduced from holograph.
500   $aOpera.
600 10$aDurey, Louis,$d1888-1979$xManuscripts$vFacsimiles.
650  0$aOperas$vVocal scores with piano.
700 1 $aMérimée, Prosper,$d1803-1870.
988   $a20020608
906   $0DLC

