LEADER 00751ncm a2200253   4500
001 002000954-2
005 20070110165959.0
008 900815s1921    enksga         n 0  fre d
028 20$aJ.& W.C. 3858$bChester
035 0 $aocm22457749
035 1 $aMAHSRC18567C
040   $aMH-Mu$cMH-Mu
045 0 $bd1918
048   $avi01$aka01
100 1 $aDurey, Louis,$d1888-1979.
245 10$aInscriptions sur un oranger.$bOp. 16.$cPoésies de Evariste Parny.
260 0 $aLondon,$bChester,$cc1921.
300   $aScore (5 p.)$c33 cm.
500   $aPl. no. J.& W.C.3858.
600 10$aParny, Évariste,$d1753-1814$vMusical settings.
650  0$aSongs (Medium voice) with piano.
700 1 $aParny, Évariste,$d1753-1814.
988   $a20020608
906   $0MH

