LEADER 00827ncm a22002651  4500
001 002000955-0
005 20070110165941.0
008 900814s1968    fr syb         n 0       
010   $a   73211277 /M
028 20$aE.M.T.1032$bEditions musicales transatlantiques
035 0 $aocm03092187
035 1 $aMAHSRC18568C
035 1 $zNHDG309218701C
040   $aDLC$cNhD$d*m/c*$d*RER*$dCStRLIN$dMH-Mu
048   $aoc
050 0 $aM1101$b.D82 op.l05
100 1 $aDurey, Louis,$d1888-1979.
240 10$aSinfonietta,$mstring orchestra,$nop. 105
245 00$aSinfonietta, pour cordes, op. 105.
260 0 $aParis,$bEditions musicales transatlantiques$c[c1968]
300   $aminiature score (21 p.)$c23 cm.
500   $aPl. no. E.M.T.1032.
650  0$aSymphonies (String orchestra)$vScores.
988   $a20020608
906   $0DLC

