LEADER 00930ncm a22002651  4500
001 002000956-9
005 20070110165918.0
008 900815s1966    fr sga         n 0  fre  
010   $a   72202420 /M
035 0 $aocn181937797
035 1 $aMAHSRC18569C
035 1 $zCTYS89C3733
040   $aCtY-Mus$cCtY-Mus$dMH-Mu
048   $avi01$aka01
050 0 $aM1621$b.D$aM1619.5.R58
100 1 $aDurey, Louis,$d1888-1979.
245 10$aVergers$b[op. 42] sept poèmes de Rainer Maria Rilke pour chant et piano.
260 0 $a[Paris]$bLe Chant du monde$c[1966]
300   $ascore (19 p.)$c31 cm.
505 0 $aLa biche. - Arrêtons-nous. - Eau qui se presse. - Comme un verre de Venise. - Un cygne. - La passante d'été. - La fontaine.
600 10$aRilke, Rainer Maria,$d1875-1926$vMusical settings.
650  0$aSongs (Medium voice) with piano.
700 1 $aRilke, Rainer Maria,$d1875-1926.
988   $a20020608
906   $0RLIN

