LEADER 01097ncm a2200325   4500
001 002000957-7
005 20070830182512.0
008 900815s1966    pauzzz   b     n 1       
010   $a   65026096 /MN
035 0 $aocm10922644
035 1 $aMAHSRC18570C
035 1 $zCTYS89C6910
040   $aCtY-Mus$cCtY-Mus$dMiU$dMH-Mu
045 0 $bd1596
048   $atc01
050 0 $aMT640$b.B17 1966
082   $a787.670712
100 1 $aBarley, William,$d-1614.
245 10$aLute music of Shakespeare's time, William Barley:$bA new booke of tabliture, 1596.$cEdited and transcribed for keyboard with the original tablature by Wilburn W. Newcomb.
246 3 $aNew booke of tabliture.
260 0 $aUniversity Park,$bPennsylvania State University Press,$c1966.
300   $axxxviii, 115 p.$bfacsimsl, music.$c28 cm.
504   $aBibliographical notes.
650  0$aLute$xInstruction and study.
650  0$aLute music.
650  0$aTablature (Music)
650  0$aMusic$zEngland$xHistory and criticism.
700 1 $aNewcomb, Wilburn Wendell,$d1935-
988   $a20020608
906   $0RLIN

