LEADER 00823ncm a2200265 i 4500
001 002000958-5
005 20061201152406.0
008 900815s1939    fr dfb         n 1      d
028 20$aD.&F. 12922 (3)$bDurand
035 0 $aocm05514784
035 1 $aMAHSRC18572C
035 1 $zOKUG87C221
040   $aNcGU$cNcGU$d*m/c*$d*IUG*$dCStRLIN$dMH-Mu
045   $ax3x3
048   $aoa
100 1 $aDuruflé, Maurice,$d1902-1986.
240 10$aDances,$morchestra,$nop. 6
245 00$aTrois danses :$bpour orchestre /$cMaurice Duruflé.
260 0 $aParis :$bDurand ;$aPhiladelphia :$bElkan-Vogel,$c[c1939]
300   $aminiature score (122 p.) ;$c23 cm.
500   $aPl. no.: D.&F. 12922 (3).
505 0 $aDivertissement.--Danse lente.--Tambourin.
650  0$aOrchestral music$vScores.
988   $a20020608
906   $0RLIN

