LEADER 00757ncm a22002531i 4500
001 002000960-7
005 20061201152232.0
008 900814c19711931fr muzn        n 1      d
028 20$aD.&F. 12016$bDurand
035 0 $aocm05584352
035 1 $aMAHSRC18574C
040   $aMH-Mu$cMH-Mu
045   $ax2x3
048   $akb01
100 1 $aDuruflé, Maurice,$d1902-1986.
245 10$aPrélude, adagio et choral varié sur le thème du "Veni Creator" :$bop. 4, pour orgue /$cMaurice Duruflé.
246 3 $aVeni Creator
260 0 $aParis :$bDurand ;$aBryn Mawr :$bT. Presser,$c[1971, c1931]
300   $aScore (35 p.) ;$c32 cm.
500   $aPl. no. D.& F. 12016.
650  0$aOrgan music.
650  0$aVariations (Organ)
988   $a20020608
906   $0MH

