LEADER 00693ccm a2200217 a 4500
001 002000961-5
005 20061201152217.0
008 900815s1950    fr rqb         n 1  lat d
028 22$aD. & F. 13,327$bDurand
035 0 $aocm00757600
035 1 $aMAHSRC18575C
040   $aODW$cODW$dOCoLC$d*m/c*$dMBCM$d*IUG*$dCStRLIN$dMH-Mu
045 0 $bd1947
100 1 $aDuruflé, Maurice,$d1902-1986.
240 10$aRequiem,$nop. 9
245 00$aRequiem pour soli, chœurs, orchestre et orgue, op. 9 /$cMaurice Duruflé.
260 0 $aParis :$bDurand ;$aPhiladelphia :$bElkan-Vogel,$cc1950.
300   $a1 miniature score (150 p.) ;$c22 cm.
650  0$aRequiems$vScores.
988   $a20020608
906   $0RLIN

