LEADER 00998ccm a2200277   4500
001 002000962-3
005 20020606093309.7
008 900815s1910    fr opc         n 0  fre d
035 0 $aocm21854160
035 1 $aMAHSRC18576C
040   $aCU$cCU$dMH-Mu
045 0 $bd1766
100 1 $aDuni, Egidio,$d1708-1775.
240 10$aClochette.$sVocal score
245 03$aLa clochette;$bcomédie en un acte et un vers. Melée d'ariettes.$cPartition piano et chant arrangée par Ch. Lecocq.
260 0 $aParis,$bLegouix$c[1910?]
300   $aVocal score (73 p.)
500   $aFrench words.
500   $aBased on a tale by La Fontaine.
500   $a"Réprésenté pour la première fois par les Comédiens italiens ordinaires du Roi le jeudi 24 juillet 1766 par Mr. Anseaume."
650  0$aOperas$xVocal scores with piano.
700 1 $aLa Fontaine, Jean de,$d1621-1695.
700 1 $aAnseaume,$cM.$q(Louis),$d1721-1784.
700 1 $aLecocq, Charles,$d1832-1918.
988   $a20020608
906   $0RLIN

