LEADER 00781ncm a2200217   4500
001 002000963-1
005 20020606093309.7
008 900815s1763    fr opa         n 1  fre d
035 0 $aocm22457752
035 1 $aMAHSRC18577C
040   $aMH-Mu$cMH-Mu
045 0 $bd1763
100 1 $aDuni, Egidio,$d1708-1775.
245 14$aLes deux chasseurs et la laitière;$bcomédie en un acte$cpar Mr. Anseaume. Mis en musique par Mr. Duny. Représentée pour la premiere fois sur le Théâtre des comediens italiens ordinaires du roy, le 21 juillet 1763. Gravé par Le Sr. Hue.
260 0 $aParis,$bSieber$c[1763]
300   $ascore (106 p.)$c32 cm.
510 4 $aRISM A/I,$cD 3734
650  0$aOperas$xScores.
700 1 $aAnseaume,$cM.$q(Louis),$d1721-1784.
988   $a20020608
906   $0MH

