LEADER 02241ncm a2200493 a 4500
001 002000964-X
005 20100601173302.0
008 900815s1765    fr opa         n 1  fre d
035 0 $aocm22394760
035 1 $aMAHSRC18578C
035 1 $zCUBG84C1650
040   $aCU$cCU$dMH-Mu
100 1 $aDuni, Egidio,$d1708-1775.
240 10$aFée Urgèle
245 13$aLa fée urgele, ou, Ce qui plait aux dames :$bcomédie en quatre actes en vers /$cles paroles sont de Mr. *** ; mis en musique par Mr. Duny ...
246 33$aCe qui plaît aux dames
260   $aParis :$bChez L'auteur Feaubourg [sic] St. Lasare [sic] au no. 30. Et aux adresses ordinaires de musique ;$aA Lyon :$bChez le Sieur Castaud Place de la Comedie,$c[1765?]
300   $a1 score ([4], 169 p.) ;$c35 cm.
500   $aFull score.
546   $aFrench words; includes dialog.
500   $aLibretto by Favart after Voltaire's tale, itself inspired by Chaucer's The Wife of Bath's Tale. Cf. New Grove opera.
500   $a"Représentée devant leurs Majestés, par les Comédiens italiens ordinaires du Roy, a Fontainebleau, le 26. octobre 1765. Et a Paris le 4. decembre suivant."
500   $a"Imprimée par le Sr. Monthulay."
500   $aEngraved throughout: "Gravée par le Sr. Hue."
500   $a"Catalogue des ouvrages de Mr. Duny": p. [3] (1st count).
500   $a"Privilége générale": p. [4] (1st count).
500   $aLast p. blank.
510 4 $aRISM A/I,$cD 3749
650  0$aOperas$vScores.
700 1 $aFavart,$cM.$q(Charles-Simon),$d1710-1792.
700 1 $aVoltaire,$d1694-1778.
700 1 $aCastaud, Jean-Antoine,$d1715-$ebookseller.
700 1 $aHue, Louis-Hector,$dactive 1715-1768,$eengraver.
700 1 $aMontulay,$cM.,$eprinter.
700 1 $aPeyrotte, Bernard,$ecollector.$5the
700 1 $aMartin, Jean-Marie,$d1937-1979,$ecollector.$5the
700 1 $aChaucer, Geoffrey,$d-1400.$tWife of Bath's tale.
710 2 $aComédie-Italienne (Paris, France)
710 2 $aChâteau de Fontainebleau (Fontainebleau, France)
710 2 $aJohn Milton and Ruth Neils Ward Collection (Harvard Theatre Collection)$5the
752   $aFrance$dParis.
752   $aFrance$dLyon.
988   $a20020608
906   $0RLIN

