LEADER 01294ncm a22003611  4500
001 002000965-8
005 20020606093309.7
008 900814s1961    it opc         n 0  ita  
010   $a   62036247 /M
028 20$a130313$bRicordi
035 0 $aocm04216479
035 1 $aMAHSRC18579C
035 1 $zNYCX90C6346
040   $cNIC$dNIC$dMH-Mu
041 1 $aita$hfre
045   $av2v7
050 00$aM1503.D928$bI85 1961
100 1 $aDuni, Egidio,$d1708-1775.
240 10$aIsle des foux.$sVocal score.$lItalian
245 12$aL'isola dei pazzi;$bopera comica in 2 atti$cdi Anseaume. Parodia dell'Arcifanfano, re dei pazzi, di Carlo Goldoni. Elaborazione e revisione di Guido Turchi. Testo italiano di Cesare Brero.
260 0 $a[Milano]$bRicordi$c[c1961]
300   $aScore (211 p.)$c35 cm.
500   $aAt head of title: Romualdo Duni.
500   $aLibretto by Anseaume and P. A. Lefèvre de Marcouville. Cf. Loewenberg. Annals of opera.
500   $aPl. no. 130313.
650  0$aOperas$xVocal scores with piano.
700 2 $aLefèvre de Marcouville, Pierre Augustin.
700 1 $aAnseaume,$cM.$q(Louis),$d1721-1784.
700 1 $aGoldoni, Carlo,$d1707-1793.
700 1 $aTurchi, Guido.
700 1 $aBrero, Giulio Cesare,$d1908-1973.
988   $a20020608
906   $0RLIN

