LEADER 01536ccm a2200373Ia 4500
001 002000966-6
005 20080502163944.0
008 900815s1761    fr opa         n    fre d
035 0 $aocm22457753
040   $aHMU$cHMU$dOCL$dHHG
100 1 $aDuni, Egidio,$d1708-1775.
245 10$aMazet :$bcomedie en deux actes /$cpar Mr. Anseaume ; mis en musique par Mr. Duny ...
260   $aA Paris :$bChez l'auteur rue du Four St. Honoré vis a vis les murs de l'Hôtel de Soissons. Et aux adresses ordinaires de musiques,$c[1761?]
300   $a1 score ([2], 125, [1] p.) ;$c35 cm.
500   $aFull score.
500   $aFrench words; includes dialog.
500   $a"Representée pour la premiere fois à la Comédie italienne, le 24. septembre 1761."
500   $a"Imprimée par Monthulay."
500   $a"Avec privilege du roy."
500   $a"Catalogue des ouvrages de Mr. Duny ...": t.p. verso.
500   $aEngraved throughout: "Grave par le Sr. Hue."
500   $aThe last p. blank.
510 4 $aRISM A/I,$cD 3759
650  0$aOperas$vScores.
700 1 $aAnseaume,$cM.$q(Louis),$d1721-1784.
700 1 $aHue, Louis-Hector,$dactive 1715-1768,$eengraver.
700 1 $aMontulay,$cM.,$eprinter.
700 1 $aPeyrotte, Bernard,$ecollector.$5the
700 1 $aMartin, Jean-Marie,$d1937-1979,$ecollector.$5the
710 2 $aComédie-Italienne (Paris, France)
710 2 $aJohn Milton and Ruth Neils Ward Collection (Harvard Theatre Collection)$5the
752   $aFrance$dParis.
988   $a20020608
906   $0MH

