LEADER 02648ncm a2200517 a 4500
001 002000967-4
005 20111011173910.0
008 900814s1756    fr opa         n 0  fre d
035 0 $aocn181937822
035 1 $aMAHSRC18581C
035 1 $zCUBG84C2120
040   $aCU$cCU$dMH-Mu
045 0 $bd1755
100 1 $aDuni, Egidio,$d1708-1775.
245 10$aNinette à la cour :$bparodie de Bertholde à la ville : comédie en deux actes, melés d'ariettes /$cpar Mr. Favart.
246 30$aBertholde à la ville
260   $aA Paris :$bChez Mr. de La Chevardière, editeur, successeur de Mr. Le Clerc, ruë du Roule à la Croix d'Or ;$bMr. Bayard, ruë St. Honoré à la Regle d'Or ;$bMelle. Castagnerie, ruë des Prouvaires à la musique royale ;$bMr. de Lormel, ruë du Foin à l'Image Ste. Genevieve ;$aA Lyon :$bMrs. les freres Legoux, Place des Cordeliers,$c[1756?]
300   $a1 score ([2], 73, [1], 76 p.) ;$c34 cm.
500   $aFull score.
546   $aFrench words; includes spoken dialogue.
500   $aA French parody of Goldoni's Bertoldo, Bertoldino e Cacasenno; first performed in a 3 act version in Paris on 12 February 1755; first performed in the 2 act version 8 March 1756; Duni most likely arranged the opera for Favart, though many other composers contributed to the score. Cf. Loewenberg, A. Annals of opera.
500   $a"Représentée sur le Theatre de la Comedie-Italiene."
500   $a"Imprimé par Tournelle."
500   $aEngraved throughout: "Gravé par Melle. Vendôme."
510 4 $aRISM A/I,$cD 3781
600 10$aGoldoni, Carlo,$d1707-1793$vParodies, imitations, etc.
650  0$aOperas$vScores.
700 1 $aLa Chevardière, Louis Balthazard de,$d1730-1812,$ebookseller.
700 1 $aFavart,$cM.$q(Charles-Simon),$d1710-1792,$elibrettist.
700 1 $aBayard, Marc,$d-1782,$ebookseller.
700 1 $aCastagnery,$cMlle.$q(Marie-Anne),$d1722-1782,$ebookseller.
700 1 $aDelormel,$cveuve,$d-1760,$ebookseller.
700 1 $aTournelle,$cM.,$eprinter.
700 1 $aVendôme, Marie-Charlotte,$eengraver.
700 1 $aStern, Jean,$eformer owner.$5the
700 0 $aS. D.,$eformer owner.$5the
700 1 $aPeyrotte, Bernard,$ecollector.$5the
700 1 $aMartin, Jean-Marie,$d1937-1979,$ecollector.$5the
700 1 $aGoldoni, Carlo,$d1707-1793.$tBertoldo, Bertoldino e Cacasenno.
710 2 $aFrères Le Goux,$ebookseller.
710 2 $aComédie-Italienne (Paris, France)
710 2 $aJohn Milton and Ruth Neils Ward Collection (Harvard Theatre Collection)$5the
752   $aFrance$dParis.
752   $aFrance$dLyon.
988   $a20020608
906   $0RLIN

