LEADER 00647ncm a22002291  4500
001 002000968-2
005 20020606093309.7
008 900814s1757    fr opa         n 0  fre d
035 0 $aocm22457754
035 1 $aMAHSRC18582C
040   $aMH-Mu$cMH-Mu
045 0 $bd1757
100 1 $aDuni, Egidio,$d1708-1775.
240 10$aPeintre amoureux de son modèle
245 13$aLe peintre amoureux de son modéle;$bopéra comique$cde Mr Anseaume.
260 0 $aParis,$bPrault$c[1757?]
300   $ascore (97 p.)
510 4 $aRISM A/I,$cD 3785
650  0$aOperas$xScores.
700 1 $aAnseaume,$cM.$q(Louis),$d1721-1784.
988   $a20020608
906   $0MH

