LEADER 00769ccm a22002651  4500
001 002000969-0
005 20020606093309.7
008 900815s1768    fr opa         n 0  fre d
035 0 $aocm22394722
035 1 $aMAHSRC18583C
035 1 $zCUBG84C1652
040   $aCU$cCU$dMH-Mu
045   $av6v6
100 1 $aDuni, Egidio,$d1708-1775.
245 14$aLes sabots,$bpièce en un acte,$cpar Sedaine.
260 0 $aParis,$bChez L'Auteur$c[1768?]
300   $ascore (90 p.)$c35 cm.
500   $aFrench words.
500   $aLibretto by J. Cazotte and M.J. Sedaine. Cf. Quérard, La France litt.
510 4 $aRISM A/I,$cD 3795
650  0$aOperas$xScores.
700 1 $aSedaine,$d1719-1797.
700 1 $aCazotte, Jacques,$d1719-1792.
988   $a20020608
906   $0RLIN

