LEADER 01168ncm a22003011  4500
001 002000970-4
005 20020606093309.7
008 900815s1935    it opa         n 0  ita d
035 0 $aocm81276651
035 1 $aMAHSRC18584C
035 1 $zPAUG87C1041
040   $aCU$cCU$dMH-Mu
045 0 $bd1831
100 1 $aBellini, Vincenzo,$d1801-1835.
245 10$aNorma.$bFacsimile della partitura autografa.
260 0 $aRoma,$bReale accademia d'Italia,$c1935.
300   $aScore (2 v.)$c31 x 41 cm.
500   $aAt head of title: Reale accademia d'Italia. Musica.
500   $aBased on the play of the same name by Alexandre Soumet.
500   $aFacsim. of the ms. in the library of the Accademia di St. Cecilia and Conservatorio di musica "S. Cecilia," Rome.
500   $aIncludes facsim. of t.p. of the 1st ed. of the piano-vocal score of the opera; imprint: Milano, Ricordi.
500   $aPref. signed: Ottorino Respighi.
600 10$aBellini, Vincenzo,$d1801-1835$xManuscripts$xFacsimiles.
650  0$aOperas$xScores.
650  0$aMusic$xManuscripts$xFacsimiles.
700 1 $aSoumet, Alexandre,$d1788-1845.$tNorma.
988   $a20020608
906   $0RLIN

