LEADER 01054ncm a22003131  4500
001 002000971-2
005 20020606093309.7
008 900814q18971919it muz         n 1      c
010   $aa  42003566 
035 0 $aocm16239799
035 1 $aMAHSRC18585C
040   $aNewberry library$cMH-Mu$dMH-Mu
047   $afg$asn
048   $akn01
050  4$aM2$b.T67 vol.3
082   $a784.8
100 1 $aBencini, Giuseppe,$dactive 1723-1727.
240 10$aKeyboard music.$kSelections
245 00$a[Composizioni,$cdi] Giuseppe Bencini.
260 0 $aMilano,$bRicordi$c[between 1897 and 191-?]
300   $ap. 409-416$c32 cm.
500   $aIN Torchi, Luigi, ed. L'arte musicale in Italia. Milano, Ricordi, 1897-191-?, v. 3.
505 0 $aFuga per organo o cembalo. - Sonata per cembalo od organo.
650  0$aKeyboard instrument music.
650  0$aCanons, fugues, etc. (Keyboard instrument)
650  0$aSonatas (Keyboard instrument)
800 1 $aTorchi, Luigi,$d1858-1920.$tArte musicale in Italia ;$vv. 3.
988   $a20020608
906   $0RLIN

