LEADER 01070ncm a22003251  4500
001 002000972-0
005 20020606093309.7
008 900815s1960    gw cta   deh   n 0  lat  
010   $am  60002885 
035 0 $aocm02768539
035 1 $aMAHSRC18586C
035 1 $zMIUG83C416
040   $aDLC$cNPurU$dNPurU$d*m/c*$d*IUG*$dCStRLIN$dMH-Mu
041 0 $alat$eger
045   $au7v5
048   $bva01$aca04$akb01
050 0 $aM2$b.K3 vol.9
100 1 $aBencini, Pietro Paolo,$d1670-1755.
245 10$aJesu, Redemptor omnium.$bSopran-Solo, vierstimmiger Chor und Basso continuo.$cHrsg. von Rudolf Ewerhart.
260 0 $aKöln,$bVerlag E. Bieler$c[1960]
300   $ascore (11 p.) & part.$c30 cm.
440  0$aKantate,$v9
500   $aFor soprano and chorus (SATB) with figured bass realized for keyboard instrument.
500   $aChristmas cantata; German translation: p. [3]
500   $aPart for chorus.
650  0$aCantatas, Sacred$xScores and parts.
650  0$aChristmas music.
700 1 $aEwerhart, Rudolf.
988   $a20020608
906   $0DLC

