LEADER 00727ncm a22002411i 4500
001 002000973-9
005 20061201152203.0
008 900815c19701943fr muzn        n 1      d
028 20$aD.& F. 13159$bEditions Durand
035 0 $aocm17703847
035 1 $aMAHSRC18587C
040   $aMH-Mu$cMH-Mu
045   $ax4x4
048   $akb01
100 1 $aDuruflé, Maurice,$d1902-1986.
245 10$aPrélude et fugue sur le nom d'Alain :$bop. 7, pour orgue /$cMaurice Duruflé.
260 0 $aParis :$bEditions Durand ;$aBryn Mawr :$bT. Presser,$c[197-? c1943]
300   $aScore (23 p.) ;$c34 cm.
500   $aPl. no. D.& F.13159.
650  0$aCanons, fugues, etc. (Organ)
650  0$aOrgan music.
988   $a20020608
906   $0MH

