LEADER 00575ncm a22002291  4500
001 002000974-7
005 20061201152129.0
008 900815c19581934fr suz         n 0      d
028 20$aD.& F. 12350$bDurand
035 0 $aocm22457755
035 1 $aMAHSRC18588C
040   $aMH-Mu$cMH-Mu
045   $ax3x3
048   $akb01
100 1 $aDuruflé, Maurice,$d1902-1986.
240 10$aSuite,$morgan,$nop. 5
245 00$aSuite pour orgue, op. 5.
260 0 $aParis,$bDurand,$c[1958, c1934]
300   $aScore (37 p.)
650  0$aSuites (Organ)
988   $a20020608
906   $0MH

