LEADER 01115ccm a22003371i 4500
001 002000975-5
005 20020606093309.7
008 900814s1978    oncsuaa  hi    n 1      d
028 20$a15947$bKerby
028 20$a16047$bKerby
035 0 $aocm21514271
035 1 $aMAHSRC18589C
035 1 $zCKPG89C5376
040   $aCaOTU$cCU-A$dCU-A$dMH-Mu
045   $av4v9
048   $awb02$awd01
100 1 $aDušek, František Xaver,$d1731-1799.
240 10$aPartitas,$moboes (2), bassoon
245 00$aSix parthias :$bfor two oboes and bassoon /$cFrantišek Xaver Dušek ; edited by Rudolf Komorous.
260 0 $aToronto :$bKerby,$c[c1978]
300   $ascore (2 v.) and 3 parts ;$c31 cm.
500   $aCover title.
500   $aPref. in English and French.
500   $aDuration: ca. 7 min.
500   $aContains S.43-47 and Ms.O 1086 from the Mozartgemeinde, Prague.
500   $aPl. no. 15947, 16047.
650  0$aWoodwind trios (Bassoon, oboes (2))$xScores and parts.
650  0$aSuites (Bassoon, oboes (2))$xScores and parts.
700 1 $aKomorous, Rudolf.
988   $a20020608
906   $0RLIN

