LEADER 01089ncm a22003011a 4500
001 002000976-3
005 20020606093309.7
008 900814s1979    cs suaa        n 1      d
028 22$aH 5628$bEditio Supraphon
035 0 $aocm07056126
035 1 $aMAHSRC18590C
035 1 $zCTYS36111C
040   $aGASU$cGASU$dCU-SB$dCStRLIN$dCU$dMH-Mu
048   $awb02$awd01
100 1 $aDušek, František Xaver,$d1731-1799.
240 10$aPartitas,$moboes (2), bassoon
245 00$a6 parthií pro 2 hoboje a fagot (1763) =$b6 Parthien für 2 Oboen und Fagott (1763) /$cFrantišek Xaver Dušek ; editor, Miloslav Klement.
250   $a1. vyd.
260 0 $aPraha :$bEditio Supraphon,$c1979.
300   $a1 score (19 p.) + 3 parts ;$c32 cm.
440  0$aMusica viva historica ;$v39
500   $aCover title.
500   $aContains S. 43-47 and Ms. O 1086 from the Mozartgemeinde, Prague.
650  0$aSuites (Bassoon, oboes (2))$xScores and parts.
650  0$aWoodwind trios (Bassoon, oboes (2))$xScores and parts.
700 1 $aKlement, Miloslav.
988   $a20020608
906   $0RLIN

