LEADER 00825ccm a22002771  4500
001 002000977-1
005 20020606093309.7
008 900814s1951    cs snz   bhi   n 0 |     
010   $a   64002346 /M
035 0 $aocm01209080
035 1 $aMAHSRC18591C
035 1 $zMDJS88C2194
040   $cMBU$dNBiSU$dCStRLIN$dMdBPC$dMH-Mu
041 0 $gczerusfre
048   $akn01
050 0 $aM2$b.M637 vol.8
100 1 $aDušek, František Xaver,$d1731-1799.
240 10$aSonatas,$mkeyboard instrument,$nS. 12-19
245 00$aSonate per il clavicembalo.
260 0 $aPraha,$bOrbis,$c1951.
300   $aScore (45 p.)$c31 cm.
440  0$aMusica antiqua Bohemica,$v8
504   $aBiographical and analytical notes in Czech, Russian, and French.
650  0$aSonatas (Keyboard instrument)
988   $a20020608
906   $0RLIN

