LEADER 01039ncm a22003251  4500
001 002000978-X
005 20020606093309.7
008 900814s1948    gw snz         n 0       
010   $am  58001100 
028 30$a5956$bBreitkopf & Härtel
028 20$aW.B. 17$bBreitkopf & Härtel
035 0 $aocm22457757
035 1 $aMAHSRC18592C
035 1 $zCUBG86C2494
040   $aCU$cCU$dMH-Mu
045 0 $bd1796
048   $aka01
050 0 $aM23.D965$bS67
100 1 $aDušek, František Xaver,$d1731-1799.
240 10$aSonatas,$mkeyboard instrument,$nS. 2,$rB♭ major
245 00$aSonate für das Clavier,$bPrag 1796, im Verlag des Authors.$cNach dem Urdruck hrsg. von Günter Rhau.
260 0 $aWiesbaden,$bBreitkopf & Härtel$c[c1948].
300   $aScore (8 p.)$c31 cm.
490 0 $aEdition Breitkopf,$vNr. 5956
500   $aCover title: Sonate, piano solo.
500   $aNo. 2 in thematic catalog by Václa Jan Sýkora.
500   $aPl. no. W.B. 17.
650  0$aSonatas (Piano)
988   $a20020608
906   $0RLIN

