LEADER 00869ncm a2200265   4500
001 002000979-8
005 20060811101011.0
008 900817s1956    pausnaa        n 1       
010   $am  57001900 /r58
035 0 $aocm71231353
035 1 $aMAHSRC18593C
035 1 $zCTYS87C3792
040   $aCtY-Mus$cCtY-Mus$dMH-Mu
048   $awc01$aka01
050 0 $aM252$b.D
100 1 $aDušek, František Xaver,$d1731-1799.
240 10$aSonatina,$mclarinet, piano,$rB♭ major
245 10$aSonatina for B♭ clarinet & piano,$cby F. I. Dussek. Arr. and edited by Paul A. Pisk.
260 0 $aBryn Mawr, Pa.,$bT. Presser,$cc1956.
300   $ascore (19 p.) and part.$c31 cm.
490 0 $aPresser instrumental library
650  0$aSonatas (Clarinet and piano), Arranged$vScores and parts.
700 1 $aPisk, Paul Amadeus,$d1893-1990.
988   $a20020608
906   $0RLIN

