LEADER 00990ncm a22002891a 4500
001 002000980-1
005 20110128160931.0
008 900814s1981    sz zzza  hi    n 1      d
028 32$aBP 2014$bAmadeus Verlag, B. Päuler
035 0 $aocm10916840
035 1 $aMAHSRC18594C
035 1 $zCSUG83C2695
040   $aCtY-Mus$cCtY-Mus$dCSt$dMH-Mu
041 0 $ggereng
048   $awa03
100 1 $aDussek, František Benedikt,$d1766-
240 10$aTrios,$mflutes (3)
245 00$aTrio, oder, Notturno für drei Flöten =$bTrio, or, Notturno for three flutes /$cFranz Joseph Dussek ; herausgegeben von Rien de Reede.
260 0 $aWinterthur/Schweiz :$bAmadeus Verlag, B. Päuler,$c1981.
300   $a3 parts ;$c31 cm.
440  0$aCamera flauto Amadeus ;$vNr. 27
500   $aEdited from a ms. in the German State Library.
500   $aPref. in German and English.
650  0$aWoodwind trios (Flutes (3))$xParts.
700 1 $aReede, Rien de.
988   $a20020608
906   $0RLIN

