LEADER 01210ccm a22003611  4500
001 002000981-X
005 20100223102037.0
008 900814s1957    enksna         n 0       
010   $am  57001729 
028 30$a10507$bSchott
028 20$aS & Co.6054$bSchott
035 0 $aocm01202291
035 1 $aMAHSRC18595C
040   $aOCU$cOCU$dm.c.$dOCoLC$d*m/c*$d*IUG*$dCStRLIN$dMH-Mu
045 0 $bd1794
048   $aka01$aka01
048   $ata01$aka01
050 0 $aM273$b.D
100 1 $aDussek, Johann Ladislaus,$d1760-1812.
240 10$aDuets,$nop. 26,$rF major
245 00$aSonata in F major, op. 26,$bfor two pianofortes.$cEdited and rev. by Mary Madden and Olive Rees.
260 0 $aLondon,$bSchott$c[c1957]
300   $ascore (31 p.)$c30 cm.
490 0 $aEdition Schott,$v10507
500   $aCover title.
500   $a"The title page of the original edition states that the work was written for 'The harp and piano forte or two piano fortes, one with additional keys.'"
500   $aPl. no. S & Co.6054.
650  0$aSonatas (Pianos (2))$vScores.
650  0$aHarp and piano music$vScores.
700 1 $aMadden, Mary.
700 1 $aRees, Olive.
988   $a20020608
906   $0RLIN

