LEADER 01099ncm a22003251i 4500
001 002000982-8
005 20020606093309.7
008 900814r19781813nyusna         n 1       
010   $a   78017137 /M
020   $a0306772701
035 0 $aocm04567522
035 1 $aMAHSRC18596C
035 1 $zCASX89C1219
040   $cCSt$dCSt$dCStRLIN$dMH-Mu
050 0 $aM22.D94$b.G7$aM219
082   $a786.4/05/4
100 1 $aDussek, Johann Ladislaus,$d1760-1812.
240 10$aInstrumental music.$kSelections
245 00$aCollected works of Jan Ladislaus Dussek /$cwith a new introd. in v. 1 by Orin Grossman.
260 0 $aNew York :$bDa Capo Press,$c1978.
300   $a12 v. in 6 ;$c24 x 31 cm.
440  0$aDa Capo Press music reprint series
500   $aReprint of the 1813-1817 ed. published by Breitkopf & Härtel, Leipzig.
500   $aIncludes violin parts for the works for piano and optional violin.
650  0$aPiano music.
650  0$aSonatas (Violin and piano)$xScores and parts.
650  0$aSonatas (Piano)
700 1 $aGrossman, Orin.
988   $a20020608
906   $0RLIN

