LEADER 01545ccm a22003851i 4500
001 002000983-6
005 20020606093309.7
008 900814s1979    wiumuz   behi  n 1      d
010   $am  79019538 
020   $a0895791218
035 0 $aocm05781783
035 1 $aMAHSRC18597C
035 1 $zUTBG84C951
040   $aDLC$cPU$dPU$dCStRLIN$dNhD$dCU$dMH-Mu
047   $acn$aft$afg$asn$avr
048   $aka01
048   $aka02
050   $aM2$b.R23834 vol.1-2$aM27$aM25.4$aM202$aM22
100 1 $aDussek, Johann Ladislaus,$d1760-1812.
240 10$aPiano music.$kSelections
245 00$aSelected piano works /$cJan Ladislav Dussek ; edited by H. Allen Craw.
260 0 $aMadison :$bA-R Editions,$c1979.
300   $a2 v. :$bfacsims. ;$c31 cm.
440  0$aRecent researches in the music of the nineteenth and early twentieth centuries,$x0193-5364 ;$vv. 1-2
500   $a"This edition ... is based on the early editions ... printed during the composer's lifetime or shortly thereafter."
500   $aIncludes index.
504   $aBibliography: v. 1, p. xiii.
505 0 $apt. 1. Sonatas for piano four-hands: op. 32 (C.144), C major. Op. 73 (C.243), F major.--pt. 2. Solo piano works: Fantaisie and fugue in F minor, op. 55 (C.199). Variations, op. 71 (C.235-237 and 244-246). Fantaisie in F major, op. 76 (C.248)
650  0$aPiano music.
650  0$aCanons, fugues, etc. (Piano)
650  0$aVariations (Piano)
650  0$aSonatas (Piano, 4 hands)
700 1 $aCraw, H. Allen.
988   $a20020608
906   $0DLC

