LEADER 00505ncm a22002051  4500
001 002000984-4
005 20020606093309.7
008 900814q18801889enkrdz         n 0      d
035 0 $aocm22457758
035 1 $aMAHSRC18598C
040   $aMH-Mu$cMH-Mu
045   $av8w0
048   $aka01
100 1 $aDussek, Johann Ladislaus,$d1760-1812.
245 12$aL'adieu,$bfor the pianoforte.
260 0 $aLondon,$bBrewer$c[188-?]
300   $aScore (9 p.)
650  0$aRondos (Piano)
988   $a20020608
906   $0MH

