LEADER 00999ccm a22002531a 4500
001 002000985-2
005 20020606093309.7
008 900814q18101819paurdz         n 1      d
035 0 $aocm22457759
035 1 $aMAHSRC18599C
040   $aMdBPC$cMdBPC$dCStRLIN$dMH-Mu
048   $aka01
048   $ata01
100 1 $aDussek, Johann Ladislaus,$d1760-1812.
240 10$aConcertos,$mpiano, orchestra,$nop. 15,$rE♭ major.$pRondo;$oarranged
245 14$aThe plough boy :$ba favorite rondo for the pianoforte or harp : as performed on the harp with great applause by Dr. H. /$ccomposed by J.L. Dussek.
260 0 $aPhiladelphia :$bG.E. Blake ;$aNew York ;$bR. Meetz,$c[181-?]
300   $a7 p. of music ;$c33 cm.
500   $a"The tune is from The farmer, an opera by William Shield." -- Craw, H.A. A biography and thematic catalog of the works of J.L. Dussek.
650  0$aRondos (Piano)
650  0$aRondos (Harp)
700 1 $aShield, William,$d1748-1829.
988   $a20020608
906   $0RLIN

