LEADER 00766ccm a22002531  4500
001 002000986-0
005 20020606093309.7
008 900816q18001809gw coz         n 0      d
028 20$a2426$bAndré
035 0 $aocm22457760
035 1 $aMAHSRC18600C
040   $aMH-Mu$cMH-Mu
045 0 $bd1792
048   $bka01$aoa
100 1 $aDussek, Johann Ladislaus,$d1760-1812.
240 10$aConcertos,$mpiano, orchestra,$nop. 17,$rF major
245 00$aConcerto pour le piano-forte,$baccompagné de 2 violons, alto, basse, 2 flûtes et 2 cors. Oeuvre 17.
260 0 $aOffenbach s/M,$bAndré$c[180-]
300   $aScore (18 p.)
500   $aArr. for piano 2 hands.
500   $aPl. no. 2426.
650  0$aConcertos (Piano), Arranged.
988   $a20020608
906   $0MH

