LEADER 00694ccm a22002291  4500
001 002000987-9
005 20020606093309.7
008 900816q18101819enkcoz         n 0      d
035 0 $aocm22457761
035 1 $aMAHSRC18601C
040   $aMH-Mu$cMH-Mu
045 0 $bd1793
100 1 $aDussek, Johann Ladislaus,$d1760-1812.
240 10$aConcertos,$mpiano, orchestra,$nop. 22,$rB♭ major
245 00$aGrand concerto for the piano forte with accompaniments.$bOp. 22.
260 0 $aLondon,$bGoulding, D'Almaine, Potter$c[181-?]
300   $aScore (22 p.)
500   $aArr. for piano solo.
510 4 $aRISM A/I,$cD 4031
650  0$aConcertos (Piano), Arranged.
988   $a20020608
906   $0MH

