LEADER 00594ncm a2200217   4500
001 002000988-7
005 20020606093309.7
008 900823q18101819pauzzz         n 0      d
035 0 $aocm22457762
035 1 $aMAHSRC18602C
040   $aMH-Mu$cMH-Mu
045 0 $bd1796
048   $aka01
100 1 $aDussek, Johann Ladislaus,$d1760-1812.
240 10$aProgressive lessons.$pIn the dead of the night
245 10$aIn the dead of the night;$ba favorite air.
260 0 $aPhiladelphia,$bWillig$c[181-?]
300   $aScore (4 p.)$c34 cm.
650  0$aPiano music.
988   $a20020608
906   $0MH

