LEADER 00866ncm a22002771  4500
001 002000989-5
005 20020606093309.7
008 900820s1954    cs stz   ehi   n 0      d
035 0 $aocm22457763
035 1 $aMAHSRC18603C
035 1 $zNYCX90C937
040   $aNIC$cNIC$dMH-Mu
041 0 $gczerusgerengfre
045   $av8w1
048   $aka01
100 1 $aDussek, Johann Ladislaus,$d1760-1812.
240 10$aProgressive lessons
245 00$aDvanáct melodických etud.$cRev. V. J. Sýkora.
260 0 $aPrague,$bStátní nakladatelství krásné literatury, hudby a uměni$c[c1954]
300   $aScore (79 p.)$c31 cm.
440  0$aMusica antiqua Bohemica,$v21
500   $aBiographical and analytical notes in Czech, Russian, German, English, and French.
650  0$aPiano music.
700 1 $aSýkora, Václav Jan.
988   $a20020608
906   $0RLIN

