LEADER 00586ccm a22002171  4500
001 002000990-9
005 20020606093309.7
008 900816q18201829nyurdz         n 0      d
035 0 $aocm22457764
035 1 $aMAHSRC18604C
040   $aMH-Mu$cMH-Mu
045   $av8x1
048   $aka01
100 1 $aDussek, Johann Ladislaus,$d1760-1812.
240 10$aSonatas,$nop. 25.$nNo. 2.$pRondo
245 13$aLa matinée;$ba favorite rondo for the piano forte.
260 0 $aNew York,$bDubois & Stodart$c[182-?]
300   $aScore (7 p.)
650  0$aPiano music.
988   $a20020608
906   $0MH

