LEADER 00559ncm a22002051  4500
001 002000991-7
005 20020606093309.7
008 900820q18201829pauwzz         n 1      d
035 0 $aocm22457765
035 1 $aMAHSRC18605C
040   $aMH-Mu$cMH-Mu
048   $aka01
100 1 $aDussek, Johann Ladislaus,$d1760-1812.
245 10$aMoravian waltz,$bcomposed & arranged for the piano forte$c[by] J. Dussek.
260 0 $aPhiladelphia,$bWillig$c[182-?]
300   $aScore ([2) l.)
650  0$aWaltzes.
650  0$aPiano music.
988   $a20020608
906   $0MH

