LEADER 01392ncm a22003731a 4500
001 002000993-3
005 20020606093309.7
008 900816s1972    gw ncaa  hi    n 1      d
010   $a   73200806 
028 30$a19114$bBärenreiter
035 0 $aocm80757807
035 1 $aMAHSRC18607C
035 1 $zRIBG85C268
040   $cPU$dPU$dRPB$dMH-Mu
041 0 $ggerengfre
045 0 $bd1809
048   $aka01$asa01$asb01
048   $aka01$aba01$asa01
048   $asa01$aka01
050 0 $aM322$b.D96 op.68$aM221$aM312.4
100 1 $aDussek, Johann Ladislaus,$d1760-1812.
240 10$aNotturno concertant
245 10$aNotturno concertante :$bfür Klavier, Violine und Horn (Viola) oder Klavier und Violine : op. 68 : for piano, violin and horn (viola) or piano and violin : pour piano, violin et cor (alto) ou bien pour piano et violon /$cJan Ladislav Dussek ; herausgegeben von Christopher D.S. Field.
260 0 $aKassel :$bBärenreiter,$cc1972.
300   $a1 score (44 p.) + 3 parts ;$c30 cm.
490 1 $aDas 19. Jahrhundert
500   $aPref. in German, English and French.
500   $aIncludes alternate viola part.
650  0$aTrios (Piano, horn, violin)$xScores and parts.
650  0$aTrios (Piano, violin, viola)$xScores and parts.
650  0$aViolin and piano music$xScores and parts.
830  0$a19th century.
988   $a20020608
906   $0RLIN

