LEADER 00866ccm a22002291i 4500
001 002000994-1
005 20020606093309.7
008 900816s1975    gw zzaa        n 1      d
035 0 $aocm22457767
035 1 $aMAHSRC18608C
040   $aCU$cCU$dMH-Mu
045 0 $bd1799
048   $aka01$asa01$asb01$asc01$asd01
100 1 $aDussek, Johann Ladislaus,$d1760-1812.
240 10$aQuintet,$mpiano, violin, viola, cello, double bass,$nop 4l,$rF minor
245 00$aQuintett für Klavier, Violine, Viola, Violoncello und Kontrabass, Opus 41 /$cJohann Ladislaus Dussek.
260 0 $aMünchen-Gräfelfing :$bVerlag Walter Wollenweber,$c[1975]
300   $aScore (23 p.) & 4 parts ;$c31 cm.
440  0$aUnbekannte Werke der Klassik und Romantik ;$v39
650  0$aQuintets (Piano, violin, viola, cello, double bass)$xScores and parts.
988   $a20020608
906   $0RLIN

