LEADER 01188ncm a22003491  4500
001 002000995-X
005 20020606093309.7
008 900816q18001899gw muz         n 0       
010   $a   52024747 
028 30$a399$bH. Litolff
035 0 $aocm03520023
035 0 $aocm22457768
035 1 $aMAHSRC18609C
035 1 $zCSUG88C1444
040   $aCSt$cCSt$dMH-Mu
045   $av8w1
047   $ard$avr
048   $aka01
050 0 $aM22.D94$bK6
100 1 $aDussek, Johann Ladislaus,$d1760-1812.
240 10$aPiano music.$kSelections
245 00$aRondos et variations pour piano.$cRev. et doigtés par Louis Köhler.
260 0 $aBraunschweig,$bH.Litolff;$aBoston, A. P. Schmidt$c[18--]
300   $a51 p.$c32 cm.
440  0$aCollection Litolff,$vv. 399
500   $aEach piece also with separate pagination.
505 0 $aMa barque légère.- L'amusoire.- Alla Tedesca.- Partant pour la Syrie.- L'amour est un enfant trompeur.- Romance de Nina.- Chantons l'Hymen.- Babet chantait.- O ma tendre musette.- Chanson du Nord.
650  0$aRondos (Piano)
650  0$aVariations (Piano)
700 1 $aKöhler, Louis,$d1820-1886.
988   $a20020608
906   $0RLIN

