LEADER 00915ncm a22002891  4500
001 002000996-8
005 20020606093309.7
008 900816s1973    fr snz         n 1       
010   $a   74219238 /M
035 0 $aocm01609365
035 1 $aMAHSRC18610C
035 1 $zCTYS87C4798
040   $aCtY-Mus$cCtY-Mus$dCU-SB$dMH-Mu
045 0 $bd1797
048   $ata01
050 0 $aM116$b.D88 op.2,no.1$aM116.1
100 1 $aDussek, Johann Ladislaus,$d1760-1812.
240 10$aSonatas,$mharp,$nop. 2.$nNo. 1-2
245 00$aSonata I en si bémol majeur.$bSonata II en sol majeur.$c[Par] J. L. Dusseck. Restitutions de Catherine Michel.
260 0 $a[Paris]$bEditions Ouvrières,$cc1973.
300   $aScore (16 p.)$c32 cm.
440  0$aAnthologie de la musique pour harpe,$v1e cahier
440  2$aL'Astrée
650  0$aSonatas (Harp)
700 1 $aMichel, Catherine,$d1948-
988   $a20020608
906   $0RLIN

