LEADER 00829ccm a22002411  4500
001 002000997-6
005 20020606093309.7
008 900817q18101819enksnz         n 0      d
035 0 $aocm22457769
035 1 $aMAHSRC18611C
040   $aMH-Mu$cMH-Mu
045 0 $bd1799
048   $aka01$asa01$asc01
100 1 $aDussek, Johann Ladislaus,$d1760-1812.
240 10$aSonatas,$mharp,$nop. 37;$oarranged
245 00$aFavorite sonata, op. 37,$boriginally composed for the harp.$cArranged for the piano forte with accompaniments for the violin & violoncello by J.B. Cramer.
260 0 $aLondon,$bGoulding, D'Almaine, Potter$c[181-?]
300   $aScore (11 p.)
500   $aPart for piano only.
650  0$aPiano trios, Arranged$xParts.
700 1 $aCramer, J. B.$q(Johann Baptist),$d1771-1858.
988   $a20020608
906   $0MH

