LEADER 01111ccm a2200337I  4500
001 002000998-4
005 20131016133421.0
008 900820s18uu    gw snz         n    zxx d
028 20$a2326--2357$bLitolff
035 0 $aocm22457770
040   $aHMU$beng$cHMU$dOCLCG$dRES$dOCLCQ$dRES
048   $aka01
050  4$aM23$b.D974
100 1 $aDussek, Johann Ladislaus,$d1760-1812.
240 10$aSonatas,$mpiano
245 10$aSonates pour piano:$cRevues et doigtées par L. Winkler.
260   $aBraunschweig,$bLitolff$c[18--]
300   $a2 volumes of music in 1.$c31 cm.
336   $anotated music$bntm$2rdacontent
337   $aunmediated$bn$2rdamedia
338   $avolume$bnc$2rdacarrier
490 1 $aCollection Litolff
500   $aEach sonata has continuous & separate pagination.
500   $aPl. no. 2326-2357.
530   $aDigitized version available online via the Sibley Music Library, Eastman School of Music.
650  0$aSonatas (Piano)
700 1 $aṾinḳler, Mordekhai Leyb,$d1844-1944.
830  0$aCollection Litolff.
988   $a20020608
049   $aHMUU
906   $0MH

