LEADER 00990ncm a22003011  4500
001 002000999-2
005 20020606093309.7
008 900816s1950    gw snz         n 0       
010   $a   64056908 /M
028 20$a30024$bKistner & Siegel
035 0 $aocm04231942
035 1 $aMAHSRC18613C
035 1 $zPATG84C1231
040   $cPPT$dPPT$dMH-Mu
045 0 $bd1789
050 0 $aM2$b.O78 Reihe5,Nr.3
100 1 $aDussek, Johann Ladislaus,$d1760-1812.
240 10$aSonatas,$mviolin, piano,$nop. 10.$nNo. 2
245 00$aSonata G-moll;$bfür Klavier, op. 10, Nr. 2.$c[Bearb. von Hans Albrecht]
260 0 $aLippstadt,$bKistner & Siegel;$bsole agent for the USA: Concordia Pub. House, St. Louis$c[Vorwort 1950]
300   $aScore (18 p.)$c30 cm.
440  0$aOrganum.$n5. Reihe,$pKlaviermusik,$vNr. 3
500   $aPiano part only published.
500   $aPl. no. 30024.
650  0$aSonatas (Piano)
700 1 $aAlbrecht, Hans,$d1902-1961.
988   $a20020608
906   $0RLIN

