LEADER 00755ncm a22002291  4500
001 002001000-1
005 20020606093309.7
008 900816s1819    enksnz         n 0      d
035 0 $aocm22457771
035 1 $aMAHSRC18614C
040   $aMH-Mu$cMh-Mu
045 0 $bd1795
048   $aka01
100 1 $aDussek, Johann Ladislaus,$d1760-1812.
240 10$aSonatas,$nop. 25.$nNo. 2
245 02$aA sonata for the piano forte in which is introduced a favorite air.
260 0 $aLondon,$bBalls$c[1819?]
300   $aScore (p. 14-18, 19-22)
500   $aP. 19-22: The last movement of the sonata, published separately with caption title: Rondon, taken from ... op. 25; a reissue of an earlier ed.
650  0$aSonatas (Piano)
988   $a20020608
906   $0MH

