LEADER 01281ccm a2200325 a 4500
001 002001001-X
005 20020606093309.7
008 900816s1950    gw pta   dhi   n 0  lat d
010   $a   53001233 
028 32$a1711$bBärenreiter-Verlag
035 0 $aocm51433782
035 1 $aMAHSRC18616C
035 1 $zPAUG87C2773
040   $aPU$cPU$dMH-Mu
041 0 $alat$ggerlat$hlat
048   $aca
050   $aM2$b.C25 Heft 1
245 00$aDrei- und vierstimmige Singstücke des 15. Jahrhunderts /$cvon Dunstable ... [et al.].
260   $aKassel :$bBärenreiter-Verlag,$c1950.
300   $a1 score (26 p.) ;$c27 cm.
490 1 $aCapella; Meisterwerke mittelalterlicher Musik ;$v1
500   $aFor 3-4 voices.
500   $aWords in Latin; also printed as texts with German translations, p. [24]-26.
505 0 $aQuam pulchra es, von John Dunstable -- O gloriosa Regina, von Johannes Touront -- Parce, Domine, von Jacob Obrecht -- Ave Regina coelorum, von Guillaume Dufay -- Sanctus, von Heinrich Finck -- In pace, von Josquin des Prez.
650  0$aPart songs, Sacred.
700 1 $aBesseler, Heinrich,$d1900-1969.
700 12$aDunstable, John,$dapproximately 1390-1453.$tQuam pulchra es.$f1950.
830  0$aCapella ;$vHeft 1.
988   $a20020608
906   $0RLIN

