LEADER 01041ncm a22003131  4500
001 002001002-8
005 20020606093309.7
008 900816s1950    it msa   i     n 0  lat  
010   $a   51008342 
035 0 $aocm19799700
035 1 $aMAHSRC18618C
035 1 $zPAUG87C3930
040   $aDLC$c*STF*$d*IUG*$dCStRLIN$dMH-Mu
045   $as1s5
048   $acc03
050 0 $aM2$b.D63 ser.1,no.8
100 1 $aDunstable, John,$dapproximately 1390-1453.
240 10$aGloria,$mvoices (3)
245 00$aGloria e credo$b(Jesu Christe Fili Dei vivi)
246 3 $aJesu Christe Fili Dei vivi.
260 0 $aRomae,$bSocietas Universalis S. Ceciliae,$c1950.
300   $ascore (21 p.)$c25 cm.
440  0$aDocumenta polyphoniæ liturgicæ S. Ecclesiæ Romanæ.$nSerie I,$vno. 8
500   $a"Fonte unica di questo frammento è il manoscritto Trento 92."
500   $aFor 3 voices.
650  0$aMasses$xExcerpts$xScores.
700 12$aDunstable, John,$dapproximately 1390-1453.$tCredo,$mvoices (3).
988   $a20020608
906   $0DLC

