LEADER 01009ccm a2200313   4500
001 002001003-6
005 20020606093309.7
008 900816s1953    enkmoa         n 0  lat d
010   $am  55000577 
028 30$a1453$bHinrichsen Edition
035 0 $aocm00497171
035 1 $aMAHSRC18619C
040   $aDLC$cOClW$dOCoLC$dm.c.$dOCoLC$d*m/c*$d*IUG*$dCStRLIN$dMH-Mu
045   $as1s5
048   $aca03$bkb01
048   $aca03$abd01
050 0 $aM2072.3$b.D867
100 1 $aDunstable, John,$dapproximately 1390-1453.
240 10$aVeni Sancte Spiritus,$mvoices (3)
245 00$aVeni Sancte Spiritus;$bmotet [for S.A.T. and organ, or tenor trombone]$cTranscribed and edited by Denis Stevens.
260 0 $aLondon,$bHinrichsen Edition,$cc1953.
300   $ascore (11 p.)$bfacsim.$c26 cm.
500   $aCaption title.
500   $aDuration: about 6 min.
500   $a"Hinrichsen edition no. 1453."
650  0$aMotets.
700 1 $aStevens, Denis,$d1922-2004.
988   $a20020608
906   $0DLC

