LEADER 00785ccm a22002771  4500
001 002001004-4
005 20091019164458.0
008 900816s1969    hu zza   h     n 0       
010   $a   73240770 /M
028 20$aZ. 10090$bEditio Musica
035 0 $aocm12239507
035 1 $aMAHSRC18620C
040   $aMH-Mu$cMH-Mu
045 0 $bd1969
048   $aoa
050 00$aM1045.D9628$bA5$aML96.5.D87
100 1 $aDurkó, Zsolt.
245 10$aAltamira,$bfor orchestra.
260 0 $aBudapest,$bEditio Musica,$c1969.
300   $ascore (26 p.)$c49 cm.
500   $aOrchestra includes 12-part mixed chorus.
500   $a"Reproduction of the author's manuscript."
500   $aDuration: about 14 min., 30 sec.
650  0$aOrchestral music$vScores.
988   $a20020608
906   $0MH

