LEADER 00613ccm a22002291i 4500
001 002001005-2
005 20020606093309.7
008 900816s1973    enkzzz         n 1      d
028 20$aZ.7125$bBoosey & Hawkes
035 0 $aocm04841761
035 1 $aMAHSRC18621C
040   $aMH-Mu$cMH-Mu
048   $akb01
100 1 $aDurkó, Zsolt.
245 10$aAssonanze :$bper organo /$cZsolt Durkó.
260 0 $aLondon ;$aNew York :$bBoosey & Hawkes,$c[c1973]
300   $aScore (16 p.) ;$c24 x 31 cm.
490 0 $aMusic for organ
500   $aPl. no. Z.7125.
650  0$aOrgan music.
988   $a20020608
906   $0MH

