LEADER 01132ncm a22002891a 4500
001 002001006-0
005 20020606093309.7
008 900816s1975    hu ora   de    n 1  hun d
028 32$aZ. 10164$bEditio Musica
035 0 $aocm09855920
035 1 $aMAHSRC18622C
035 1 $zNYCG84C330
040   $aNNC$cNNC$dMH-Mu
041 1 $ahunlat$eeng$hhunlat$geng
045 2 $bd1967$b1972
100 1 $aDurkó, Zsolt.
245 10$aHalotti beszéd :$boratórium tenor és bariton szólóra, vegyeskarra és zenekarra = Burial prayer : oratorio : for tenor and baritone solo, mixed choir and orchestra /$cDurkó Zsolt.
246 3 $aBurial prayer.
260 0 $aBudapest :$bEditio Musica,$cc1975.
300   $a1 score (74, [2] p.) ;$c40 cm.
500   $aHungarian words from a 13th century prayer codex ; English translation by Alan Jenkins printed as text: p. [1] (2nd group)
500   $aOpening chorus in Latin; rest of work in Hungarian. English translation of words printed as text, p. [75]
500   $aDuration: about 33 min.
650  0$aOratorios$xScores.
650  0$aFuneral music.
988   $a20020608
906   $0RLIN

