LEADER 01134ncm a22003251a 4500
001 002001007-9
005 20020606093309.7
008 900820s1974    hu zzba        n 1      d
010   $a   85754321 /M
028 32$aZ. 7273$bEditio Musica
035 0 $aocm05362852
035 1 $aMAHSRC18623C
035 1 $zDCLC85754321C
040   $dCStRLIN$dMH-Mu
045 2 $bd1972$bd1973
048   $bka01$bka01$asa06$asb01$asc03$asd01
048   $bka01$bka01$aoc
050 0 $aM912.D87$bC5 1974
100 1 $aDurkó, Zsolt.
245 10$aChamber music :$bin memoriam Natalie et Serge Koussevitzky /$cDurkó Szolt.
260 0 $aBudapest :$bEditio Musica,$cc1974.
300   $a1 miniature score (44 p.) ;$c27 cm.
500   $aFor 2 pianos with string ensemble (6 violins, viola, 3 violoncellos, and double bass) or string orchestra.
500   $aDuration: ca. 15:00.
600 10$aKoussevitzky, Serge,$d1874-1951$xSongs and music.
600 10$aKoussevitzky, Natalie$xSongs and music.
650  0$aPianos (2) with string ensemble$xScores.
650  0$aPianos (2) with string orchestra$xScores.
988   $a20020608
906   $0RLIN

