LEADER 00623ncm a22002411i 4500
001 002001008-7
005 20020606093309.7
008 900816s1974    hu zzz         n 1      d
028 20$aZ. 7366$bEditio Musica
035 0 $aocm04704941
035 1 $aMAHSRC18624C
035 1 $zNYBS83C159
040   $aNN$cNN$dNBuU-Mu$dMH-Mu
045   $ax5x7
048   $aka01
100 1 $aDurkó, Zsolt.
245 10$aChance :$bper pianoforte /$cDurkó Zsolt.
260 0 $aBudapest :$bEditio Musica,$c[c1974]
300   $aScore (16 p.)$c31 cm.
500   $aPl. no. Z. 7366.
650  0$aPiano music.
988   $a20020608
906   $0RLIN

