LEADER 00900ccm a2200241 a 4500
001 002001009-5
005 20020606093309.7
008 900816s1973    hu ctba        n 1| hun d
028 22$aZ. 7126$bEditio Musica
035 0 $aocm22457774
035 1 $aMAHSRC18625C
040   $aMH-Mu$cMH-Mu
100 1 $aDurkó, Zsolt.
240 10$aCantatas,$nno. 1
245 00$aCantata no. 1 :$bAdy Endre verssoraira : bariton szólóra, vegyeskarra és zenekarra = on Endre Ady's verse lines : for barytone solo, mixed choir and orchestra /$cDurkó Szolt.
260 0 $aBudapest :$bEditio Musica,$cc1973.
300   $aMiniature score (46 p.), [2] p. ;$c25 cm.
500   $aWords in Hungarian; English translation printed as text, p. [1-2] at end.
600 10$aAdy, Endre,$d1877-1919$xMusical settings.
650  0$aCantatas, Secular$xScores.
700 1 $aAdy, Endre,$d1877-1919.
988   $a20020608
906   $0MH

