LEADER 01045ncm a2200325 i 4500
001 002001010-9
005 20020606093309.7
008 900816s1974    hu cta   bde   n 1  hun d
028 32$aZ. 10166$bEditio Musica
035 0 $aocm81171709
035 1 $aMAHSRC18626C
035 1 $zNYCG83C96
040   $aNNC$cNNC$dMH-Mu
041 1 $ahun$eeng$hhun$geng
045 0 $bd1972
100 1 $aDurkó, Zsolt.
240 10$aCantatas,$nno. 2
245 00$aCantata no. 2 :$bkettős vegyeskarra és zenekarra /$cDurkó Zsolt.
260 0 $aBudapest :$bEditio Musica,$c[c1974]
300   $aScore (50, [2] p.) ;$c31 cm.
500   $aHungarian words by Ady Endre.
500   $aEnglish translation printed as text: p. [51]
500   $aDuration: 18:00.
500   $aFor double mixed chorus and orchestra.
500   $aBiographical note and bibliography of composer on p. [52]
600 10$aAdy, Endre,$d1877-1919$xMusical settings.
650  0$aCantatas, Secular$xScores.
700 1 $aAdy, Endre,$d1877-1919.
988   $a20020608
906   $0RLIN

