LEADER 00958ccm a2200277 a 4500
001 002001011-7
005 20020606093309.7
008 900816s1971    hu zzaa  be    n 1| und d
028 22$aZ. 10084$bEditio Musica
035 0 $aocm08136919
035 1 $aMAHSRC18627C
040   $aIEN$dCStRLIN$dMH-Mu
045 2 $bd1968$bd1969
048   $bwa01$bwe01$awd01$avc05$awa01$asa02$asb02$asc01
100 1 $aDurkó, Zsolt.
245 10$aColloïdes :$bpour flûte et 12 /$cDurkó Szolt.
254   $aPartitura.
260 0 $aBudapest :$bEditio Musica,$cc1971.
300   $a1 score (27 p.), [1] p. ;$c31 cm.
500   $aFor flute in G (alternating with piccolo), bassoon, 5 contraltos, flute, violin 1-2, viola 1-2, & violoncello.
500   $aCaption title.
500   $aDuration: 8 min., 50 sec.
500   $aBiographical note and short bibliography of composer, p. [27]
650  0$aFlute with chamber ensemble$xScores.
988   $a20020608
906   $0RLIN

