LEADER 01062ncm a2200313   4500
001 002001012-5
005 20020606093309.7
008 900816s1970    hu sga   d     n 0  eng d
010   $a   76288688 
028 20$aZ. 10092$bEditio Musica
035 0 $aocm02581730
035 1 $aMAHSRC18628C
035 1 $zINIS2581730C
040   $aDLC$cNhD$dm.c.$d*IUG*$dCStRLIN$dMH-Mu
048   $bvb01$aoa
050 00$aM1613.3.D87$bD3$aM1619.5.M28
100 1 $aDurkó, Zsolt.
245 10$aDartmouth concerto.$cWords by John Masefield.
260 0 $aBudapest,$bEditio Musica,$c1970.
300   $ascore (23 p.)$c29 cm.
500   $aFor mezzo-soprano and orchestra ;string section consists of solo violin, viola and violoncello.
500   $aEdnglish words, also printed as text, p. [2]
500   $aDuration: about 4 min.
500   $aPl. no. Z. 10092.
600 10$aMasefield, John,$d1878-1967$xMusical settings.
650  0$aSongs (Medium voice) with orchestra$xScores.
700 1 $aMasefield, John,$d1878-1967.$tLemmings.
988   $a20020608
906   $0DLC
